FECHA,DETALLE,ENTRADA ,SALIDA,SALDO,ADQ.,PROM.,DEBE,HABER,SALDO
08/11/2013,Compra Clavos  Calamina F-231,92,,92,14.48,,1332.14,,1332.14
08/11/2013,VENTA CLAVOS DE CALAMINA F-690,,1,91,,14.48,,14.48,1317.66
12/11/2013,VENTA CLAVOS DE CALAMINA F- 697,,2,89,,14.48,,28.96,1288.7
14/11/2013,VENTA CLAVOS DE CALAMINA F- 704,,6,83,,14.48,,86.88,1201.83
18/11/2013,VENTA CLAVOS DE CALAMINA F- 711,,10,73,,14.48,,144.8,1057.03
20/11/2013,VENTA CLAVOS DE CALAMINA F-716,,2,71,,14.48,,28.96,1028.07
20/11/2013,VENTA CLAVOS DE CALAMINA F- 718,,3,68,,14.48,,43.44,984.63
21/11/2013,VENTA CLAVOS DE CALAMINA F- 722,,2,66,,14.48,,28.96,955.67
22/11/2013,VENTA CLAVOS DE CALAMINA F- 727,,3,63,,14.48,,43.44,912.23
23/11/2013,VENTA CLAVOS DE CALAMINA F- 732,,1,62,,14.48,,14.48,897.75
23/11/2013,VENTA CLAVOS DE CALAMINA F- 733,,5,57,,14.48,,72.4,825.35
25/11/2013,VENTA CLAVOS DE CALAMINA F- 734,,3,54,,14.48,,43.44,781.91
28/11/2013,Compra Clavos  Calamina F-488,92,,146,14.48,,1332.14,,2114.05
29/11/2013,VENTA CLAVOS DE CALAMINA F- 746,,1,145,,14.48,,14.48,2099.57
29/11/2013,VENTA CLAVOS DE CALAMINA F- 747,,6,139,,14.48,,86.88,2012.69
02/12/2013,VENTA CLAVOS DE CALAMINA F- 753,,20,119,,14.48,,289.6,1723.1
10/12/2013,VENTA CLAVOS DE CALAMINA F- 766,,1,118,,14.48,,14.48,1708.62
11/12/2013,VENTA CLAVOS DE CALAMINA F- 771,,1,117,,14.48,,14.48,1694.14
14/12/2013,VENTA CLAVOS DE CALAMINA F- 781,,1,116,,14.48,,14.48,1679.66
20/12/2013,VENTA CLAVOS DE CALAMINA F- 800,,5,111,,14.53,,72.65,1607.01
21/12/2013,VENTA CLAVOS DE CALAMINA F- 807,,3,108,,14.53,,43.59,1563.42
21/12/2013,VENTA CLAVOS DE CALAMINA F- 810,,2,106,,14.53,,29.06,1534.36
23/12/2013,VENTA CLAVOS DE CALAMINA F- 814,,1,105,,14.53,,14.53,1519.83
24/12/2013,VENTA CLAVOS DE CALAMINA F- 816,,1,104,,14.53,,14.53,1505.3
27/12/2013,VENTA CLAVOS DE CALAMINA F- 821,,10,94,,14.53,,145.3,1360
27/12/2013,VENTA CLAVOS DE CALAMINA F- 822,,2,92,,14.53,,29.06,1330.94
27/12/2013,VENTA CLAVOS DE CALAMINA F- 823,,2,90,,14.53,,29.06,1301.88
07/01/2014,COMPRA DE CLAVOS  F- 919,92,,182,14.48,,"1,332.14",,"2,635.32"
08/01/2014,VENTA CLAVOS DE CALAMINA F- 857,,1,181,,14.48,,14.48,"2,620.84"
15/01/2014,VENTA CLAVOS DE CALAMINA F-883,,12,169,,14.48,,173.76,"2,447.09"
20/01/2014,VENTA CLAVOS DE CALAMINA F-898,,2,167,,14.48,,28.96,"2,418.13"
21/01/2014,VENTA CLAVOS DE CALAMINA F-901,,3,164,,14.48,,43.44,"2,374.69"
21/01/2014,VENTA CLAVOS DE CALAMINA F- 908,,3,161,,14.48,,43.44,"2,331.25"
23/01/2014,VENTA CLAVOS DE CALAMINA F-911,,1,160,,14.48,,14.48,"2,316.77"
29/01/2014,VENTA CLAVOS DE CALAMINA F-929,,2,158,,14.48,,28.96,"2,287.81"
29/01/2014,VENTA CLAVOS DE CALAMINA F-930,,6,152,,14.48,,86.88,"2,200.93"
01/02/2014,VENTA CLAVOS DE CALAMINA F-939,,1,151,,14.48,,14.48,"2,186.45"
06/02/2014,VENTA CLAVOS DE CALAMINA F-953,,1,150,,14.48,,14.48,"2,171.97"
07/02/2014,VENTA CLAVOS DE CALAMINA F-958,,3,147,,14.48,,43.44,"2,128.53"
13/02/2014,VENTA CLAVOS DE CALAMINA F-972,,43,104,,14.48,,622.63,"1,505.90"
15/02/2014,VENTA CLAVOS DE CALAMINA F-980,,6,98,,14.48,,86.88,"1,419.02"
17/02/2014,COMPRA DE CLAVOS  F- 1526,92,,190,14.48,,1332.14,,"2,751.16"
19/02/2014,VENTA CLAVOS DE CALAMINA F-986,,3,187,,14.48,,43.44,"2,707.73"
20/02/2014,VENTA CLAVOS DE CALAMINA F-987,,4,183,,14.48,,57.92,"2,649.81"
24/02/2014,VENTA CLAVOS DE CALAMINA F-992,,0.5,182.5,,14.48,,7.24,"2,642.57"
25/02/2014,VENTA CLAVOS DE CALAMINA F-994,,2,180.5,,14.48,,28.96,"2,613.61"
28/02/2014,VENTA CLAVOS DE CALAMINA F-995,,1,179.5,,14.48,,14.48,"2,599.13"
08/03/2014,VENTA CLAVOS DE CALAMINA F-1001,,6,173.5,,14.48,,86.88,"2,512.25"
11/03/2014,VENTA CLAVOS DE CALAMINA F-1002,,0.5,173,,14.48,,7.24,"2,505.01"
11/03/2014,VENTA CLAVOS DE CALAMINA F-1004,,2,171,,14.48,,28.96,"2,476.05"
14/03/2014,VENTA CLAVOS DE CALAMINA F-1008,,3,168,,14.48,,43.44,"2,432.61"
15/03/2014,VENTA CLAVOS DE CALAMINA F-1011,,6,162,,14.48,,86.88,"2,345.73"
17/03/2014,VENTA CLAVOS DE CALAMINA F-1012,,11,151,,14.48,,159.28,"2,186.45"
24/03/2014,VENTA CLAVOS DE CALAMINA F-1019,,1,150,,14.48,,14.48,"2,171.97"
29/03/2014,VENTA CLAVOS DE CALAMINA F-1025,,1,149,,14.48,,14.48,"2,157.49"
03/04/2014,VENTA CLAVOS DE CALAMINA F-1030,,2,147,,14.48,,28.96,"2,128.53"
05/04/2014,VENTA CLAVOS DE CALAMINA F-1032,,6,141,,14.48,,86.88,"2,041.65"
07/04/2014,COMPRA DE CLAVOS  F-2056,92,,233,14.48,,1332.14,,"3,373.80"
10/04/2014,VENTA CLAVOS DE CALAMINA F-1039,,8,225,,14.48,,115.84,"3,257.96"
15/04/2014,VENTA CLAVOS DE CALAMINA F-1047,,3,222,,14.48,,43.44,"3,214.52"
19/04/2014,VENTA CLAVOS DE CALAMINA F-1052,,4,218,,14.48,,57.92,"3,156.60"
21/04/2014,VENTA CLAVOS DE CALAMINA F-1054,,5,213,,14.48,,72.4,"3,084.20"
30/04/2014,VENTA CLAVOS DE CALAMINA F-1064,,3,210,,14.48,,43.44,"3,040.76"
05/05/2014,VENTA CLAVOS DE CALAMINA F-1066,,0.5,209.5,,14.48,,7.24,"3,033.52"
07/05/2014,VENTA CLAVOS DE CALAMINA F-1074,,5,204.5,,14.48,,72.4,"2,961.12"
09/05/2014,VENTA CLAVOS DE CALAMINA F-1075,,6,198.5,,14.48,,86.88,"2,874.24"
10/05/2014,VENTA CLAVOS DE CALAMINA F-1077,,1,197.5,,14.48,,14.48,"2,859.76"
13/05/2014,VENTA CLAVOS DE CALAMINA F-1082,,2,195.5,,14.48,,28.96,"2,830.80"
16/05/2014,VENTA CLAVOS DE CALAMINA F-1087,,6,189.5,,14.48,,86.88,"2,743.93"
23/05/2014,COMPRA DE CLAVOS  F-391,92,,281.5,14.48,,1332.14,,"4,076.07"
24/05/2014,VENTA CLAVOS DE CALAMINA F-1099,,7,274.5,,14.48,,101.36,"3,974.71"
04/06/2014,VENTA CLAVOS DE CALAMINA F-1115,,12,262.5,,14.48,,173.76,"3,800.95"
12/06/2014,VENTA CLAVOS DE CALAMINA F-1127,,2,260.5,,14.48,,28.96,"3,771.99"
13/06/2014,VENTA CLAVOS DE CALAMINA F-1131,,7,253.5,,14.48,,101.36,"3,670.63"
20/06/2014,VENTA CLAVOS DE CALAMINA F-1142,,3,250.5,,14.48,,43.44,"3,627.19"
20/06/2014,VENTA CLAVOS DE CALAMINA F-1143,,1,249.5,,14.48,,14.48,"3,612.71"
25/06/2014,VENTA CLAVOS DE CALAMINA F-1146,,2,247.5,,14.48,,28.96,"3,583.75"
26/06/2014,VENTA CLAVOS DE CALAMINA F-1149,,3,244.5,,14.48,,43.44,"3,540.31"
04/07/2014,VENTA CLAVOS DE CALAMINA F-1161,,3,241.5,,14.48,,43.44,"3,496.87"
07/07/2014,VENTA CLAVOS DE CALAMINA F-1167,,1,240.5,,14.48,,14.48,"3,482.39"
16/07/2014,VENTA CLAVOS DE CALAMINA F-1185,,2,238.5,,14.48,,28.96,"3,453.43"
17/07/2014,VENTA CLAVOS DE CALAMINA F-1189,,3,235.5,,14.48,,43.44,"3,409.99"
18/07/2014,VENTA CLAVOS DE CALAMINA F-1192,,1,234.5,,14.48,,14.48,"3,395.51"
19/07/2014,VENTA CLAVOS DE CALAMINA F-1194,,13,221.5,,14.48,,188.24,"3,207.28"
21/07/2014,VENTA CLAVOS DE CALAMINA F-1197,,4,217.5,,14.48,,57.92,"3,149.36"
21/07/2014,VENTA CLAVOS DE CALAMINA F-1199,,2,215.5,,14.48,,28.96,"3,120.40"
29/07/2014,VENTA CLAVOS DE CALAMINA F-1205,,1,214.5,,14.48,,14.48,"3,105.92"
04/08/2014,VENTA CLAVOS DE CALAMINA F-1213,,20,194.5,,14.48,,289.6,"2,816.32"
07/08/2014,VENTA CLAVOS DE CALAMINA F-1220,,1,193.5,,14.48,,14.48,"2,801.84"
14/08/2014,VENTA CLAVOS DE CALAMINA F-1239,,1,192.5,,14.48,,14.48,"2,787.36"
15/08/2014,VENTA CLAVOS DE CALAMINA F-1247,,2,190.5,,14.48,,28.96,"2,758.40"
18/08/2014,VENTA CLAVOS DE CALAMINA F-1249,,3,187.5,,14.48,,43.44,"2,714.96"
21/08/2014,VENTA CLAVOS DE CALAMINA F-1267,,4,183.5,,14.48,,57.92,"2,657.04"
28/08/2014,VENTA CLAVOS DE CALAMINA F-1286,,2,181.5,,14.48,,28.96,"2,628.08"
05/09/2014,VENTA CLAVOS DE CALAMINA F-1293,,1,180.5,,14.48,,14.48,"2,613.61"
26/09/2014,VENTA CLAVOS DE CALAMINA F-1321,,3,177.5,,14.48,,43.44,"2,570.17"
27/09/2014,VENTA CLAVOS DE CALAMINA F- 1324,,4,173.5,,14.48,,57.92,"2,512.25"
29/09/2014,VENTA CLAVOS DE CALAMINA F-1325,,1,172.5,,14.48,,14.48,"2,497.77"
30/09/2014,VENTA CLAVOS DE CALAMINA F-1327,,4,168.5,,14.48,,57.92,"2,439.85"
02/10/2014,VENTA CLAVOS DE CALAMINA F- 1332,,1,167.5,,14.48,,14.48,"2,425.37"
08/10/2014,VENTA CLAVOS DE CALAMINA F-1341,,1,166.5,,14.48,,14.48,"2,410.89"
10/10/2014,VENTA CLAVOS DE CALAMINA F-1352,,3,163.5,,14.48,,43.44,"2,367.45"
11/10/2014,VENTA CLAVOS DE CALAMINA F-1356,,6,157.5,,14.48,,86.88,"2,280.57"
14/10/2014,VENTA CLAVOS DE CALAMINA F-1362,,1,156.5,,14.48,,14.48,"2,266.09"
14/10/2014,VENTA CLAVOS DE CALAMINA F-1364,,12,144.5,,14.48,,173.76,"2,092.33"
14/10/2014,VENTA CLAVOS DE CALAMINA F-1367,,2,142.5,,14.48,,28.96,"2,063.37"
17/10/2014,VENTA CLAVOS DE CALAMINA F-1372,,9,133.5,,14.48,,130.32,"1,933.05"
28/10/2014,VENTA CLAVOS DE CALAMINA F-1396,,4,129.5,,14.48,,57.92,"1,875.13"
01/11/2014,VENTA CLAVOS DE CALAMINA F- 1404,,1,128.5,,14.48,,14.48,"1,860.66"
10/11/2014,COMPRA DE CLAVOS  F-346,92,,220.5,14.48,,1332.14,,"3,192.80"
10/11/2014,VENTA CLAVOS DE CALAMINA F- 1413,,3,217.5,,14.48,,43.44,"3,149.36"
10/11/2014,VENTA CLAVOS DE CALAMINA F-1414,,3,214.5,,14.48,,43.44,"3,105.92"
15/11/2014,VENTA CLAVOS DE CALAMINA F-1426,,4,210.5,,14.48,,57.92,"3,048.00"
24/11/2014,VENTA CLAVOS DE CALAMINA F-1441,,1,209.5,,14.48,,14.48,"3,033.52"
28/11/2014,VENTA CLAVOS DE CALAMINA F-1449,,1,208.5,,14.48,,14.48,"3,019.04"
29/11/2014,VENTA CLAVOS DE CALAMINA F-1452,,1,207.5,,14.48,,14.48,"3,004.56"
02/12/2014,VENTA CLAVOS DE CALAMINA F-1456,,4,203.5,,14.48,,57.92,"2,946.64"
03/12/2014,VENTA CLAVOS DE CALAMINA F-1459,,1,202.5,,14.48,,14.48,"2,932.16"
13/12/2014,VENTA CLAVOS DE CALAMINA F-1483,,3,199.5,,14.48,,43.44,"2,888.72"
22/12/2014,VENTA CLAVOS DE CALAMINA F-1501,,1,198.5,,14.48,,14.48,"2,874.24"
22/12/2014,VENTA CLAVOS DE CALAMINA F-1502,,1,197.5,,14.48,,14.48,"2,859.76"
24/12/2014,VENTA CLAVOS DE CALAMINA F-1504,,1,196.5,,14.48,,14.48,"2,845.28"
24/12/2014,VENTA CLAVOS DE CALAMINA F-1506,,3,193.5,,14.48,,43.44,"2,801.84"
05/01/2015,COMPRA CLAVOS DE CALAMINA F-943,92,,285.5,14.48,,1332.14,,4133.98
07/01/2015,VENTA CLAVOS DE CALAMINA F- 1533,,8,277.5,,14.48,,115.84,4018.15
09/01/2015,VENTA CLAVOS DE CALAMINA F- 1543,,2,275.5,,14.48,,28.96,3989.19
10/01/2015,VENTA CLAVOS DE CALAMINA F- 1544,,8,267.5,,14.48,,115.84,3873.35
10/01/2015,VENTA CLAVOS DE CALAMINA F- 1546,,2,265.5,,14.48,,28.96,3844.39
23/01/2015,VENTA CLAVOS DE CALAMINA F- 1558,,5,260.5,,14.48,,72.4,3771.99
03/02/2015,COMPRA CLAVOS DE CALAMINA F-1377,92,,352.5,14.48,,1332.14,,5104.13
07/02/2015,VENTA CLAVOS DE CALAMINA F- 1565,,3,349.5,,14.48,,43.44,5060.69
07/02/2015,VENTA CLAVOS DE CALAMINA F- 1566,,2,347.5,,14.48,,28.96,5031.73
13/02/2015,VENTA CLAVOS DE CALAMINA F- 1586,,3,344.5,,14.48,,43.44,4988.29
14/02/2015,VENTA CLAVOS DE CALAMINA F- 1591,,4,340.5,,14.48,,57.92,4930.37
27/02/2015,VENTA CLAVOS DE CALAMINA F- 1605,,1,339.5,,14.48,,14.48,4915.89
03/03/2015,VENTA CLAVOS DE CALAMINA F- 1610,,1,338.5,,14.48,,14.48,4901.41
21/03/2015,VENTA CLAVOS DE CALAMINA F- 1631,,1,337.5,,14.48,,14.48,4886.93
31/03/2015,VENTA CLAVOS DE CALAMINA F- 1642,,1,336.5,,14.48,,14.48,4872.45
06/04/2015,VENTA CLAVOS DE CALAMINA F- 1652,,1,335.5,,14.48,,14.48,4857.97
06/04/2015,VENTA CLAVOS DE CALAMINA F- 1653,,1,334.5,,14.48,,14.48,4843.49
02/05/2015,VENTA CLAVOS DE CALAMINA F- 1695,,1,333.5,,14.48,,14.48,4829.01
04/05/2015,VENTA CLAVOS DE CALAMINA F- 1696,,1,332.5,,14.48,,14.48,4814.53
18/05/2015,VENTA CLAVOS DE CALAMINA F- 1703,,2,330.5,,14.48,,28.96,4785.57
18/05/2015,VENTA CLAVOS DE CALAMINA F- 1704,,2,328.5,,14.48,,28.96,4756.61
09/06/2015,VENTA CLAVOS DE CALAMINA F- 1724,,3,325.5,,14.48,,43.44,4713.17
09/06/2015,VENTA CLAVOS DE CALAMINA F- 1725,,1,324.5,,14.48,,14.48,4698.69
12/06/2015,VENTA CLAVOS DE CALAMINA F- 1733,,1,323.5,,14.48,,14.48,4684.21
16/06/2015,VENTA CLAVOS DE CALAMINA F- 1741,,4,319.5,,14.48,,57.92,4626.3
18/06/2015,VENTA CLAVOS DE CALAMINA F- 1744,,14,305.5,,14.48,,202.72,4423.58
24/06/2015,VENTA CLAVOS DE CALAMINA F- 1760,,6,299.5,,14.48,,86.88,4336.7
26/06/2015,VENTA CLAVOS DE CALAMINA F- 1765,,6,293.5,,14.48,,86.88,4249.82
02/07/2015,VENTA CLAVOS DE CALAMINA F- 1778,,1,292.5,,14.48,,14.48,4235.34
06/07/2015,VENTA CLAVOS DE CALAMINA F- 1782,,3,289.5,,14.48,,43.44,4191.9
09/07/2015,VENTA CLAVOS DE CALAMINA F- 1789,,2,287.5,,14.48,,28.96,4162.94
09/07/2015,VENTA CLAVOS DE CALAMINA F- 1793,,1,286.5,,14.48,,14.48,4148.46
09/07/2015,VENTA CLAVOS DE CALAMINA F- 1794,,2,284.5,,14.48,,28.96,4119.5
10/07/2015,VENTA CLAVOS DE CALAMINA F- 1794,,2,282.5,,14.48,,28.96,4090.54
10/07/2015,VENTA CLAVOS DE CALAMINA F- 1795,,1,281.5,,14.48,,14.48,4076.06
10/07/2015,VENTA CLAVOS DE CALAMINA F- 1796,,0,281.5,,14.48,,0,4076.06
10/07/2015,VENTA CLAVOS DE CALAMINA F-1798,,5,276.5,,14.48,,72.4,4003.66
10/07/2015,VENTA CLAVOS DE CALAMINA F- 1803,,1,275.5,,14.48,,14.48,3989.18
14/07/2015,VENTA CLAVOS DE CALAMINA F- 1808,,7,268.5,,14.48,,101.36,3887.83
14/07/2015,VENTA CLAVOS DE CALAMINA F- 1814,,3,265.5,,14.48,,43.44,3844.39
18/07/2015,VENTA CLAVOS DE CALAMINA F- 1825,,2,263.5,,14.48,,28.96,3815.43
20/07/2015,VENTA CLAVOS DE CALAMINA F- 1827,,2,261.5,,14.48,,28.96,3786.47
22/07/2015,VENTA CLAVOS DE CALAMINA F- 1832,,5,256.5,,14.48,,72.4,3714.07
23/07/2015,VENTA CLAVOS DE CALAMINA F- 1833,,3,253.5,,14.48,,43.44,3670.63
23/07/2015,VENTA CLAVOS DE CALAMINA F- 1835,,5,248.5,,14.48,,72.4,3598.23
25/07/2015,VENTA CLAVOS DE CALAMINA F- 1840,,6,242.5,,14.48,,86.88,3511.35
27/07/2015,VENTA CLAVOS DE CALAMINA F- 1844,,10,232.5,,14.48,,144.8,3366.55
28/07/2015,VENTA CLAVOS DE CALAMINA F- 1849,,1,231.5,,14.48,,14.48,3352.07
28/07/2015,VENTA CLAVOS DE CALAMINA F- 1850,,6,225.5,,14.48,,86.88,3265.19
28/07/2015,VENTA CLAVOS DE CALAMINA F- 1852,,1,224.5,,14.48,,14.48,3250.71
30/07/2015,COMPRA CLAVOS DE CALAMINA F-1292,92,,316.5,14.48,,1332.14,,4582.85
31/07/2015,VENTA CLAVOS DE CALAMINA F- 1857,,4,312.5,,14.48,,57.92,4524.94
04/08/2015,VENTA CLAVOS DE CALAMINA F- 1864,,0,312.5,,14.48,,0,4524.94
04/08/2015,VENTA CLAVOS DE CALAMINA F- 1865,,4,308.5,,14.48,,57.92,4467.02
10/08/2015,VENTA CLAVOS DE CALAMINA F-1873,,2,306.5,,14.48,,28.96,4438.06
18/08/2015,VENTA CLAVOS DE CALAMINA F- 1896,,1,305.5,,14.48,,14.48,4423.58
03/09/2015,VENTA CLAVOS DE CALAMINA F- 1946,,3,302.5,,14.48,,43.44,4380.14
07/09/2015,VENTA CLAVOS DE CALAMINA F- 1962,,3,299.5,,14.48,,43.44,4336.7
07/09/2015,VENTA CLAVOS DE CALAMINA F- 1964,,2,297.5,,14.48,,28.96,4307.74
07/09/2015,VENTA CLAVOS DE CALAMINA F- 1965,,8,289.5,,14.48,,115.84,4191.9
08/09/2015,VENTA CLAVOS DE CALAMINA F- 1968,,4,285.5,,14.48,,57.92,4133.98
11/09/2015,VENTA CLAVOS DE CALAMINA F- 1979,,1,284.5,,14.48,,14.48,4119.5
11/09/2015,VENTA CLAVOS DE CALAMINA F- 1984,,1,283.5,,14.48,,14.48,4105.02
19/09/2015,VENTA CLAVOS DE CALAMINA F- 2003,,3,280.5,,14.48,,43.44,4061.58
23/09/2015,VENTA CLAVOS DE CALAMINA F- 2015,,1,279.5,,14.48,,14.48,4047.1
29/09/2015,VENTA CLAVOS DE CALAMINA F- 2022,,3,276.5,,14.48,,43.44,4003.66
29/09/2015,VENTA CLAVOS DE CALAMINA F- 2027,,1,275.5,,14.48,,14.48,3989.18
30/09/2015,VENTA CLAVOS DE CALAMINA F- 2036,,4,271.5,,14.48,,57.92,3931.26
01/10/2015,VENTA CLAVOS DE CALAMINA F- 2038,,2,269.5,,14.48,,28.96,3902.3
05/10/2015,VENTA CLAVOS DE CALAMINA F- 2046,,3,266.5,,14.48,,43.44,3858.87
09/10/2015,VENTA CLAVOS DE CALAMINA F- 2060,,2,264.5,,14.48,,28.96,3829.91
09/10/2015,VENTA CLAVOS DE CALAMINA F- 2062,,4,260.5,,14.48,,57.92,3771.99
10/10/2015,VENTA CLAVOS DE CALAMINA F- 2068,,1,259.5,,14.48,,14.48,3757.51
17/10/2015,VENTA CLAVOS DE CALAMINA F- 2082,,4,255.5,,14.48,,57.92,3699.59
17/10/2015,VENTA CLAVOS DE CALAMINA F- 2086,,5,250.5,,14.48,,72.4,3627.19
23/10/2015,VENTA CLAVOS DE CALAMINA F- 2102,,4,246.5,,14.48,,57.92,3569.27
24/10/2015,VENTA CLAVOS DE CALAMINA F- 2105,,6,240.5,,14.48,,86.88,3482.39
24/10/2015,VENTA CLAVOS DE CALAMINA F- 2107,,1,239.5,,14.48,,14.48,3467.91
27/10/2015,VENTA CLAVOS DE CALAMINA F- 2113,,1,238.5,,14.48,,14.48,3453.43
29/10/2015,VENTA CLAVOS DE CALAMINA F- 2122,,2,236.5,,14.48,,28.96,3424.47
30/10/2015,VENTA CLAVOS DE CALAMINA F- 2124,,1,235.5,,14.48,,14.48,3409.99
30/10/2015,VENTA CLAVOS DE CALAMINA F- 2125,,3,232.5,,14.48,,43.44,3366.55
30/10/2015,VENTA CLAVOS DE CALAMINA F- 2127,,1,231.5,,14.48,,14.48,3352.07
31/10/2015,VENTA CLAVOS DE CALAMINA F- 2133,,1,230.5,,14.48,,14.48,3337.59
03/11/2015,VENTA CLAVOS DE CALAMINA F- 2138,,4,226.5,,14.48,,57.92,3279.67
04/11/2015,VENTA CLAVOS DE CALAMINA F- 2141,,3,223.5,,14.48,,43.44,3236.23
05/11/2015,VENTA CLAVOS DE CALAMINA F- 2143,,1,222.5,,14.48,,14.48,3221.75
05/11/2015,VENTA CLAVOS DE CALAMINA F- 2146,,4,218.5,,14.48,,57.92,3163.83
06/11/2015,VENTA CLAVOS DE CALAMINA F- 2153,,2,216.5,,14.48,,28.96,3134.88
11/11/2015,VENTA CLAVOS DE CALAMINA F- 2160,,1,215.5,,14.48,,14.48,3120.4
12/11/2015,VENTA CLAVOS DE CALAMINA F- 2161,,0,215.5,,14.48,,0,3120.4
12/11/2015,VENTA CLAVOS DE CALAMINA F- 2162,,1,214.5,,14.48,,14.48,3105.92
16/11/2015,VENTA CLAVOS DE CALAMINA F- 2169,,5,209.5,,14.48,,72.4,3033.52
16/11/2015,VENTA CLAVOS DE CALAMINA F- 2170,,4,205.5,,14.48,,57.92,2975.6
16/11/2015,VENTA CLAVOS DE CALAMINA F- 2171,,2,203.5,,14.48,,28.96,2946.64
16/11/2015,VENTA CLAVOS DE CALAMINA F- 2172,,2,201.5,,14.48,,28.96,2917.68
18/11/2015,VENTA CLAVOS DE CALAMINA F- 2178,,2,199.5,,14.48,,28.96,2888.72
19/11/2015,ANULADO F- 2181,,0,199.5,,14.48,,0,2888.72
19/11/2015,VENTA CLAVOS DE CALAMINA F- 2182,,5,194.5,,14.48,,72.4,2816.32
21/11/2015,VENTA CLAVOS DE CALAMINA F- 2194,,1,193.5,,14.48,,14.48,2801.84
21/11/2015,VENTA CLAVOS DE CALAMINA F- 2196,,5,188.5,,14.48,,72.4,2729.44
24/11/2015,VENTA CLAVOS DE CALAMINA F- 2202,,1,187.5,,14.48,,14.48,2714.96
24/11/2015,VENTA CLAVOS DE CALAMINA F- 2203,,2,185.5,,14.48,,28.96,2686
02/12/2015,VENTA CLAVOS DE CALAMINA F- 2222,,3,182.5,,14.48,,43.44,2642.56
02/12/2015,VENTA CLAVOS DE CALAMINA F- 2223,,1,181.5,,14.48,,14.48,2628.08
05/12/2015,VENTA CLAVOS DE CALAMINA F- 2225,,1,180.5,,14.48,,14.48,2613.6
07/12/2015,VENTA CLAVOS DE CALAMINA F- 2228,,4,176.5,,14.48,,57.92,2555.68
12/12/2015,VENTA CLAVOS DE CALAMINA F- 2237,,7,169.5,,14.48,,101.36,2454.33
15/12/2015,VENTA CLAVOS DE CALAMINA F- 2242,,5,164.5,,14.48,,72.4,2381.93
15/12/2015,VENTA CLAVOS DE CALAMINA F- 2243,,1,163.5,,14.48,,14.48,2367.45
16/12/2015,VENTA CLAVOS DE CALAMINA F- 2244,,1,162.5,,14.48,,14.48,2352.97
18/12/2015,VENTA CLAVOS DE CALAMINA F- 2248,,6,156.5,,14.48,,86.88,2266.09
19/12/2015,VENTA CLAVOS DE CALAMINA F- 2253,,6,150.5,,14.48,,86.88,2179.21
19/12/2015,VENTA CLAVOS DE CALAMINA F- 2254,,3,147.5,,14.48,,43.44,2135.77
21/12/2015,VENTA CLAVOS DE CALAMINA F- 2255,,1,146.5,,14.48,,14.48,2121.29
22/12/2015,VENTA CLAVOS DE CALAMINA F- 2261,,5,141.5,,14.48,,72.4,2048.89
26/12/2015,VENTA CLAVOS DE CALAMINA F- 2266,,4,137.5,,14.48,,57.92,1990.97
26/12/2015,VENTA CLAVOS DE CALAMINA F- 2268,,10,127.5,,14.48,,144.8,1846.17
28/12/2015,VENTA CLAVOS DE CALAMINA F- 2271,,2,125.5,,14.48,,28.96,1817.21
28/12/2015,VENTA CLAVOS DE CALAMINA F- 2273,,2,123.5,,14.48,,28.96,1788.25
31/12/2015,VENTA CLAVOS DE CALAMINA F- 2286,,1,122.5,,14.48,,14.48,1773.77
08/01/2015,VENTA CLAVOS DE CALAMINA F- 2304,,1,121.5,,14.48,,14.48,1759.32
28/01/2016,VENTA CLAVOS DE CALAMINA F- 03,,7,114.5,,14.48,,101.36,1657.96
01/02/2016,VENTA CLAVOS DE CALAMINA F- 15,,7,107.5,,14.48,,101.36,1556.6
22/04/2016,VENTA CLAVOS DE CALAMINA F- 175,,4,103.5,,14.48,,57.92,1498.68
15/10/2016,VENTA CLAVOS DE CALAMINA F- 388,,4,99.5,,14.48,,57.92,1440.76
20/10/2016,VENTA CLAVOS DE CALAMINA F- 393,,2,97.5,,14.48,,28.96,1411.8
08/11/2016,VENTA CLAVOS DE CALAMINA F- 411,,4,93.5,,14.48,,57.92,1353.88
14/11/2016,VENTA CLAVOS DE CALAMINA F- 416,,4,89.5,,14.48,,57.92,1295.96
18/11/2016,VENTA CLAVOS DE CALAMINA F- 422,,1,88.5,,14.48,,14.48,1281.48
25/11/2016,VENTA CLAVOS DE CALAMINA F- 430,,2,86.5,,14.48,,28.96,1252.52
28/11/2016,VENTA CLAVOS DE CALAMINA F- 431,,3,83.5,,14.48,,43.44,1209.08
03/12/2016,VENTA CLAVOS DE CALAMINA F- 610,,5,78.5,,14.48,,72.4,1136.68
09/12/2016,VENTA CLAVOS DE CALAMINA F- 620,,1,77.5,,14.48,,14.48,1122.2
14/12/2016,VENTA CLAVOS DE CALAMINA F- 628,,4,73.5,,14.48,,57.92,1064.28
21/12/2016,VENTA CLAVOS DE CALAMINA F- 638,,4,69.5,,14.48,,57.92,1006.36
23/12/2016,VENTA CLAVOS DE CALAMINA F- 641,,1,68.5,,14.48,,14.48,991.88
31/12/2016,VENTA CLAVOS DE CALAMINA F-652 ,,2,66.5,,14.48,,28.96,962.92
02/01/2016,INVENTARIO INICIAL,79,,79,13.16,,1039.91,,1039.91
02/01/2016,VENTA CLAVOS DE CALAMINA F- 1100,,4,75,,13.16,,52.65,987.26
04/01/2016,VENTA CLAVOS DE CALAMINA F- 1106,,2,73,,13.16,,26.33,960.93
04/01/2016,VENTA CLAVOS DE CALAMINA F- 1107,,1,72,,13.16,,13.16,947.77
04/01/2016,VENTA CLAVOS DE CALAMINA F- 1108,,2,70,,13.16,,26.33,921.44
06/01/2016,VENTA CLAVOS DE CALAMINA F- 1112,,2,68,,13.16,,26.33,895.12
06/01/2016,VENTA CLAVOS DE CALAMINA F- 1115,,1,67,,13.16,,13.16,881.95
06/01/2016,VENTA CLAVOS DE CALAMINA F- 1116,,1,66,,13.16,,13.16,868.79
08/01/2016,VENTA CLAVOS DE CALAMINA F- 1123,,1,65,,13.16,,13.16,855.63
08/01/2016,VENTA CLAVOS DE CALAMINA F- 1124,,1,64,,13.16,,13.16,842.46
08/01/2016,VENTA CLAVOS DE CALAMINA F- 1127,,2,62,,13.16,,26.33,816.14
08/01/2016,VENTA CLAVOS DE CALAMINA F- 1128,,10,52,,13.16,,131.63,684.5
12/01/2016,VENTA CLAVOS DE CALAMINA F- 1140,,3,49,,13.16,,39.49,645.01
13/01/2015,VENTA CLAVOS DE CALAMINA F- 1144,,6,43,,13.16,,78.98,566.03
13/01/2016,VENTA CLAVOS DE CALAMINA F- 1148,,5,38,,13.16,,65.82,500.21
14/01/2016,VENTA CLAVOS DE CALAMINA F- 03,,3,35,,13.16,,39.49,460.72
14/01/2016,VENTA CLAVOS DE CALAMINA F- 04,,2,33,,13.16,,26.33,434.39
14/01/2016,VENTA CLAVOS DE CALAMINA F- 05,,2,31,,13.16,,26.33,408.07
16/01/2016,VENTA CLAVOS DE CALAMINA F- 16,,2,29,,13.16,,26.33,381.74
18/01/2016,VENTA CLAVOS DE CALAMINA F- 20,,2,27,,13.16,,26.33,355.41
19/01/2016,VENTA CLAVOS DE CALAMINA F- 22,,4,23,,13.16,,52.65,302.76
21/01/2016,VENTA CLAVOS DE CALAMINA F- 28,,1,22,,13.16,,13.16,289.6
21/01/2016,VENTA CLAVOS DE CALAMINA F- 31,,2,20,,13.16,,26.33,263.27
21/01/2016,VENTA CLAVOS DE CALAMINA F- 32,,6,14,,13.16,,78.98,184.29
27/01/2016,COMPRA CLAVOS F- 1446,92,,106,13.16,,1211.04,,1395.33
29/01/2016,VENTA CLAVOS DE CALAMINA F- 49,,2,104,,13.16,,26.33,1369
29/01/2016,VENTA CLAVOS DE CALAMINA F- 52,,1,103,,13.16,,13.16,1355.84
02/02/2016,VENTA CLAVOS DE CALAMINA F- 58,,10,93,,13.16,,131.63,1224.2
06/02/2016,VENTA CLAVOS DE CALAMINA F- 61,,1,92,,13.16,,13.16,1211.04
11/02/2016,VENTA CLAVOS DE CALAMINA F- 65,,2,90,,13.16,,26.33,1184.71
15/02/2016,VENTA CLAVOS DE CALAMINA F- 68,,2,88,,13.16,,26.33,1158.39
18/01/2016,VENTA CLAVOS DE CALAMINA F- 74,,1,87,,13.16,,13.16,1145.22
18/02/2016,VENTA CLAVOS DE CALAMINA F- 75,,2,85,,13.16,,26.33,1118.9
22/02/2016,VENTA CLAVOS DE CALAMINA F- 83,,3,82,,13.16,,39.49,1079.41
22/02/2016,VENTA CLAVOS DE CALAMINA F- 84,,3,79,,13.16,,39.49,1039.91
24/02/2016,VENTA CLAVOS DE CALAMINA F- 88,,1,78,,13.16,,13.16,1026.75
29/02/2016,VENTA CLAVOS DE CALAMINA F- 93,,2,76,,13.16,,26.33,1000.42
29/02/2016,VENTA CLAVOS DE CALAMINA F- 94,,3,73,,13.16,,39.49,960.93
02/03/2016,VENTA CLAVOS DE CALAMINA F- 97,,2,71,,13.16,,26.33,934.61
03/03/2016,VENTA CLAVOS DE CALAMINA F- 99,,3,68,,13.16,,39.49,895.12
08/03/2016,VENTA CLAVOS DE CALAMINA F- 104,,2,66,,13.16,,26.33,868.79
08/03/2016,VENTA CLAVOS DE CALAMINA F- 106,,3,63,,13.16,,39.49,829.3
10/03/2016,VENTA CLAVOS DE CALAMINA F- 112,,3,60,,13.16,,39.49,789.81
11/03/2016,VENTA CLAVOS DE CALAMINA F- 117,,2,58,,13.16,,26.33,763.48
11/03/2016,VENTA CLAVOS DE CALAMINA F- 119,,1,57,,13.16,,13.16,750.32
12/03/2016,VENTA CLAVOS DE CALAMINA F- 120,,4,53,,13.16,,52.65,697.66
16/03/2016,VENTA CLAVOS DE CALAMINA F- 124,,1,52,,13.16,,13.16,684.5
16/03/2016,COMPRA CLAVOS F- 2012,92,,144,13.16,,1211.04,,1895.54
24/03/2016,VENTA CLAVOS DE CALAMINA F- 138,,1,143,,13.16,,13.16,1882.38
29/03/2016,VENTA CLAVOS DE CALAMINA F- 146,,3,140,,13.16,,39.49,1842.89
31/03/2016,VENTA CLAVOS DE CALAMINA F- 148,,1,139,,13.16,,13.16,1829.72
31/03/2016,VENTA CLAVOS DE CALAMINA F- 150,,1,138,,13.16,,13.16,1816.56
15/04/2016,VENTA CLAVOS DE CALAMINA F- 177,,1,137,,13.16,,13.16,1803.4
16/04/2016,VENTA CLAVOS DE CALAMINA F- 179,,1,136,,13.16,,13.16,1790.23
22/04/2016,VENTA CLAVOS DE CALAMINA F- 185,,6,130,,13.16,,78.98,1711.25
25/04/2016,VENTA CLAVOS DE CALAMINA F- 187,,7,123,,13.16,,92.14,1619.11
26/04/2016,VENTA CLAVOS DE CALAMINA F- 188,,6,117,,13.16,,78.98,1540.13
30/04/2016,VENTA CLAVOS DE CALAMINA F- 195,,1,116,,13.16,,13.16,1526.96
03/05/2016,VENTA CLAVOS DE CALAMINA F- 196,,1,115,,13.16,,13.16,1513.8
04/05/2016,VENTA CLAVOS DE CALAMINA F- 198,,5,110,,13.16,,65.82,1447.98
07/05/2016,VENTA CLAVOS DE CALAMINA F- 207,,2,108,,13.16,,26.33,1421.66
10/05/2016,VENTA CLAVOS DE CALAMINA F- 212,,2,106,,13.16,,26.33,1395.33
13/05/2016,VENTA CLAVOS DE CALAMINA F- 215,,2,104,,13.16,,26.33,1369
16/05/2016,VENTA CLAVOS DE CALAMINA F- 219,,3,101,,13.16,,39.49,1329.51
16/05/2016,VENTA CLAVOS DE CALAMINA F- 221,,1,100,,13.16,,13.16,1316.35
16/05/2016,VENTA CLAVOS DE CALAMINA F- 223,,4,96,,13.16,,52.65,1263.69
20/05/2016,VENTA CLAVOS DE CALAMINA F- 229,,4,92,,13.16,,52.65,1211.04
23/05/2016,VENTA CLAVOS DE CALAMINA F- 234,,1,91,,13.16,,13.16,1197.88
25/05/2016,VENTA CLAVOS DE CALAMINA F- 239,,3,88,,13.16,,39.49,1158.39
28/05/2016,VENTA CLAVOS DE CALAMINA F- 241,,2,86,,13.16,,26.33,1132.06
01/06/2016,COMPRA CLAVOS F- 721,92,,178,12.18,,1120.4,,2252.46
01/06/2016,VENTA CLAVOS DE CALAMINA F- 244,,2,176,,12.65,,25.31,2227.15
02/06/2016,VENTA CLAVOS DE CALAMINA F- 246,,2,174,,12.65,,25.31,2201.85
04/06/2016,VENTA CLAVOS DE CALAMINA F- 248,,1,173,,12.65,,12.65,2189.19
08/06/2016,VENTA CLAVOS DE CALAMINA F- 253,,3,170,,12.65,,37.96,2151.23
28/06/2016,VENTA CLAVOS DE CALAMINA F- 277,,2,168,,12.65,,25.31,2125.92
04/07/2016,VENTA CLAVOS DE CALAMINA F- 284,,1,167,,12.65,,12.65,2113.27
06/07/2016,VENTA CLAVOS DE CALAMINA F- 288,,2,165,,12.65,,25.31,2087.96
13/07/2016,VENTA CLAVOS DE CALAMINA F- 290,,1,164,,12.65,,12.65,2075.3
01/08/2016,VENTA CLAVOS DE CALAMINA F- 298,,1,163,,12.65,,12.65,2062.65
03/08/2016,VENTA CLAVOS DE CALAMINA F- 301,,1,162,,12.65,,12.65,2049.99
15/08/2016,VENTA CLAVOS DE CALAMINA F- 315,,5,157,,12.65,,63.27,1986.72
19/08/2016,COMPRA CLAVOS F- 1858,92,,249,12.15,,1117.79,,3104.52
23/08/2016,VENTA CLAVOS DE CALAMINA F- 323,,1,248,,12.47,,12.47,3092.05
01/09/2016,VENTA CLAVOS DE CALAMINA F- 325,,4,244,,12.47,,49.87,3042.18
02/09/2016,VENTA CLAVOS DE CALAMINA F- 330,,2,242,,12.47,,24.94,3017.24
05/09/2016,VENTA CLAVOS DE CALAMINA F- 333,,1,241,,12.47,,12.47,3004.77
07/09/2016,VENTA CLAVOS DE CALAMINA F- 336,,2,239,,12.47,,24.94,2979.84
09/09/2016,VENTA CLAVOS DE CALAMINA F- 341,,1,238,,12.47,,12.47,2967.37
10/09/2016,VENTA CLAVOS DE CALAMINA F- 344,,1,237,,12.47,,12.47,2954.9
12/09/2016,VENTA CLAVOS DE CALAMINA F- 348,,2,235,,12.47,,24.94,2929.96
12/09/2016,VENTA CLAVOS DE CALAMINA F- 352,,1,234,,12.47,,12.47,2917.5
21/09/2016,VENTA CLAVOS DE CALAMINA F- 365,,2,232,,12.47,,24.94,2892.56
22/09/2016,VENTA CLAVOS DE CALAMINA F- 366,,1,231,,12.47,,12.47,2880.09
22/09/2016,VENTA CLAVOS DE CALAMINA F- 369,,5,226,,12.47,,62.34,2817.75
26/09/2016,VENTA CLAVOS DE CALAMINA F- 378,,9,217,,12.47,,112.21,2705.54
03/10/2016,COMPRA CLAVOS F- 90,92,,309,12.15,,1117.79,,3823.34
06/12/2016,COMPRA CLAVOS F- 1042,92,,401,12.15,,1117.79,,4941.13
19/12/2016,VENTA CLAVOS DE CALAMINA F- 625,,4,397,,12.32,,49.29,4891.84
31/01/2017,VENTA CLAVOS DE CALAMINA F- 677,,7,59.5,,14.48,,101.36,861.56
23/02/2017,VENTA CLAVOS DE CALAMINA F- 685,,2,57.5,,14.48,,28.96,832.6
17/03/2017,VENTA CLAVOS DE CALAMINA F- 692,,1,56.5,,14.48,,14.48,818.12
17/03/2017,VENTA CLAVOS DE CALAMINA F- 693,,1,55.5,,14.48,,14.48,803.64
17/03/2017,VENTA CLAVOS DE CALAMINA F- 696,,3,52.5,,14.48,,43.44,760.2
20/03/2017,VENTA CLAVOS DE CALAMINA F- 703,,0.5,52,,14.48,,7.24,752.96
20/03/2017,VENTA CLAVOS DE CALAMINA F- 705,,4,48,,14.48,,57.92,695.04
20/03/2017,VENTA CLAVOS DE CALAMINA F- 706,,0.5,47.5,,14.48,,7.24,687.8
25/03/2017,VENTA CLAVOS DE CALAMINA F- 715,,3,44.5,,14.48,,43.44,644.36
28/03/2017,VENTA CLAVOS DE CALAMINA F- 727,,2,42.5,,14.48,,28.96,615.4
03/04/2017,VENTA CLAVOS DE CALAMINA F- 741,,1,41.5,,14.48,,14.48,600.92
05/04/2017,VENTA CLAVOS DE CALAMINA F- 745,,5,36.5,,14.48,,72.4,528.52
05/04/2017,VENTA CLAVOS DE CALAMINA F- 747,,2,34.5,,14.48,,28.96,499.56
13/04/2017,VENTA CLAVOS DE CALAMINA F- 757,,1,33.5,,14.48,,14.48,485.08
19/04/2017,VENTA CLAVOS DE CALAMINA F- 777,,5,28.5,,14.48,,72.4,412.68
19/04/2017,VENTA CLAVOS DE CALAMINA F- 778,,1,27.5,,14.48,,14.48,398.2
21/04/2017,VENTA CLAVOS DE CALAMINA F- 786,,2,25.5,,14.48,,28.96,369.24
22/04/2017,VENTA CLAVOS DE CALAMINA F- 791,,1,24.5,,14.48,,14.48,354.76
27/04/2017,VENTA CLAVOS DE CALAMINA F- 797,,2,22.5,,14.48,,28.96,325.8
02/05/2017,VENTA CLAVOS DE CALAMINA F- 802,,2,20.5,,14.48,,28.96,296.84
05/05/2017,VENTA CLAVOS DE CALAMINA F- 804,,0.5,20,,14.48,,7.24,289.6
06/05/2017,VENTA CLAVOS DE CALAMINA F- 807,,2,18,,14.48,,28.96,260.64
09/05/2017,VENTA CLAVOS DE CALAMINA F- 816,,5,13,,14.48,,72.4,188.24
09/05/2017,VENTA CLAVOS DE CALAMINA F- 817,,2,11,,14.48,,28.96,159.28
11/05/2017,VENTA CLAVOS DE CALAMINA F- 822,,2,9,,14.48,,28.96,130.32
11/05/2017,VENTA CLAVOS DE CALAMINA F- 823,,0.5,8.5,,14.48,,7.24,123.08
13/05/2017,VENTA CLAVOS DE CALAMINA F- 834,,2,6.5,,14.48,,28.96,94.12
18/05/2017,VENTA CLAVOS DE CALAMINA F- 845,,2,4.5,,14.48,,28.96,65.16
21/07/2017,VENTA CLAVOS DE CALAMINA F- 951,,1,3.5,,14.48,,14.48,50.68
26/07/2017,VENTA CLAVOS DE CALAMINA F- 957,,3,0.5,,14.48,,43.44,7.24
29/07/2017,VENTA CLAVOS DE CALAMINA F- 966,,0.5,0,,14.48,,7.24,0
19/01/2017,VENTA CLAVOS DE CALAMINA F- 666,,1,396,,12.15,,12.15,4811.37
19/01/2017,VENTA CLAVOS DE CALAMINA F- 667,,3,393,,12.15,,36.45,4774.92
21/01/2017,VENTA CLAVOS DE CALAMINA F- 669,,1,392,,12.15,,12.15,4762.77
24/01/2017,VENTA CLAVOS DE CALAMINA F- 677,,2,390,,12.15,,24.3,4738.47
24/01/2017,VENTA CLAVOS DE CALAMINA F- 680,,3,387,,12.15,,36.45,4702.02
24/01/2017,COMPRA CLAVOS F- 1653,92,,479,12.15,,1117.79,,5819.81
09/02/2017,VENTA CLAVOS DE CALAMINA F- 707,,2,477,,12.15,,24.3,5795.51
13/02/2017,VENTA CLAVOS DE CALAMINA F- 719,,1,476,,12.15,,12.15,5783.36
24/02/2017,VENTA CLAVOS DE CALAMINA F- 731,,1,475,,12.15,,12.15,5771.21
24/02/2017,VENTA CLAVOS DE CALAMINA F- 733,,12,463,,12.15,,145.8,5625.42
03/03/2017,VENTA CLAVOS DE CALAMINA F- 735,,1,462,,12.15,,12.15,5613.27
04/03/2017,VENTA CLAVOS DE CALAMINA F- 738,,5,457,,12.15,,60.75,5552.52
07/03/2017,VENTA CLAVOS DE CALAMINA F- 741,,2,455,,12.15,,24.3,5528.22
08/03/2017,VENTA CLAVOS DE CALAMINA F- 742,,2,453,,12.15,,24.3,5503.92
17/03/2017,VENTA CLAVOS DE CALAMINA F- 749,,5,448,,12.15,,60.75,5443.17
04/04/2017,COMPRA CLAVOS F- 134,92,,540,12.15,,1117.79,,6560.96
17/04/2017,VENTA CLAVOS DE CALAMINA F- 769,,5,535,,12.15,,60.75,6500.21
19/04/2017,VENTA CLAVOS DE CALAMINA F- 770,,2,533,,12.15,,24.3,6475.91
22/04/2017,VENTA CLAVOS DE CALAMINA F- 776,,4,529,,12.15,,48.6,6427.31
17/05/2017,VENTA CLAVOS DE CALAMINA F- 788,,1,528,,12.15,,12.15,6415.16
22/05/2017,VENTA CLAVOS DE CALAMINA F- 798,,2,526,,12.15,,24.3,6390.86
26/05/2017,VENTA CLAVOS DE CALAMINA F- 804,,2,524,,12.15,,24.3,6366.56
01/06/2017,VENTA CLAVOS DE CALAMINA F- 811,,1,523,,12.15,,12.15,6354.41
06/06/2017,VENTA CLAVOS DE CALAMINA F- 819,,1,522,,12.15,,12.15,6342.26
07/06/2017,VENTA CLAVOS DE CALAMINA F- 821,,1,521,,12.15,,12.15,6330.11
07/06/2017,COMPRA CLAVOS F- 987,92,,613,12.02,,1105.68,,7435.79
09/06/2017,VENTA CLAVOS DE CALAMINA F- 823,,2,611,,12.13,,24.26,7411.53
09/06/2017,VENTA CLAVOS DE CALAMINA F- 824,,3,608,,12.13,,36.39,7375.14
14/06/2017,VENTA CLAVOS DE CALAMINA F- 826,,1,607,,12.13,,12.13,7363.01
16/06/2017,VENTA CLAVOS DE CALAMINA F- 829,,3,604,,12.13,,36.39,7326.62
19/06/2017,VENTA CLAVOS DE CALAMINA F- 832,,4,600,,12.13,,48.52,7278.1
20/06/2017,VENTA CLAVOS DE CALAMINA F- 838,,2,598,,12.13,,24.26,7253.84
22/06/2017,VENTA CLAVOS DE CALAMINA F- 839,,2,596,,12.13,,24.26,7229.58
22/06/2017,VENTA CLAVOS DE CALAMINA F- 840,,1,595,,12.13,,12.13,7217.45
22/06/2017,VENTA CLAVOS DE CALAMINA F- 841,,5,590,,12.13,,60.65,7156.8
23/06/2017,VENTA CLAVOS DE CALAMINA F- 843,,3,587,,12.13,,36.39,7120.41
26/06/2017,VENTA CLAVOS DE CALAMINA F- 847,,2,585,,12.13,,24.26,7096.15
26/06/2017,VENTA CLAVOS DE CALAMINA F- 649,,6,579,,12.13,,72.78,7023.37
28/06/2017,VENTA CLAVOS DE CALAMINA F- 853,,1,578,,12.13,,12.13,7011.24
01/07/2017,VENTA CLAVOS DE CALAMINA F- 855,,2,576,,12.13,,24.26,6986.98
07/07/2017,VENTA CLAVOS DE CALAMINA F- 866,,1,575,,12.13,,12.13,6974.85
10/07/2017,VENTA CLAVOS DE CALAMINA F- 869,,2,573,,12.13,,24.26,6950.59
13/07/2017,VENTA CLAVOS DE CALAMINA F- 872,,4,569,,12.13,,48.52,6902.07
15/07/2017,VENTA CLAVOS DE CALAMINA F- 873,,2,567,,12.13,,24.26,6877.81
17/07/2017,VENTA CLAVOS DE CALAMINA F- 874,,2,565,,12.13,,24.26,6853.55
18/07/2017,VENTA CLAVOS DE CALAMINA F- 876,,1,564,,12.13,,12.13,6841.42
25/07/2017,VENTA CLAVOS DE CALAMINA F- 883,,2,562,,12.13,,24.26,6817.16
27/07/2017,VENTA CLAVOS DE CALAMINA F- 885,,1,561,,12.13,,12.13,6805.03
27/07/2017,VENTA CLAVOS DE CALAMINA F- 886,,2,559,,12.13,,24.26,6780.77
27/07/2017,VENTA CLAVOS DE CALAMINA F- 887,,5,554,,12.13,,60.65,6720.11
31/07/2017,VENTA CLAVOS DE CALAMINA F- 892,,4,550,,12.13,,48.52,6671.59
31/07/2017,VENTA CLAVOS DE CALAMINA F- 893,,1,549,,12.13,,12.13,6659.46
31/07/2017,VENTA CLAVOS DE CALAMINA F- 894,,1,548,,12.13,,12.13,6647.33
02/08/2017,VENTA CLAVOS DE CALAMINA F- 895,,1,547,,12.13,,12.13,6635.2
02/08/2017,VENTA CLAVOS DE CALAMINA F- 896,,0.5,546.5,,12.13,,6.07,6629.14
08/08/2017,VENTA CLAVOS DE CALAMINA F- 1056,,1,545.5,,12.13,,12.13,6617.01
09/08/2017,VENTA CLAVOS DE CALAMINA F- 1058,,1,544.5,,12.13,,12.13,6604.88
16/08/2017,VENTA CLAVOS DE CALAMINA F- 1065,,3,541.5,,12.13,,36.39,6568.49
21/08/2017,VENTA CLAVOS DE CALAMINA F- 1071,,3,538.5,,12.13,,36.39,6532.1
24/08/2017,VENTA CLAVOS DE CALAMINA F- 1074,,3,535.5,,12.13,,36.39,6495.71
24/08/2017,VENTA CLAVOS DE CALAMINA F- 1075,,1,534.5,,12.13,,12.13,6483.58
24/08/2017,VENTA CLAVOS DE CALAMINA F- 1077,,2,532.5,,12.13,,24.26,6459.32
24/08/2017,VENTA CLAVOS DE CALAMINA F- 1079,,3,529.5,,12.13,,36.39,6422.93
28/08/2017,VENTA CLAVOS DE CALAMINA F- 1082,,2,527.5,,12.13,,24.26,6398.66
31/08/2017,VENTA CLAVOS DE CALAMINA F- 1091,,7,520.5,,12.13,,84.91,6313.75
31/08/2017,VENTA CLAVOS DE CALAMINA F- 1092,,4,516.5,,12.13,,48.52,6265.23
01/09/2017,VENTA CLAVOS DE CALAMINA F- 1093,,2,514.5,,12.13,,24.26,6240.97
06/09/2017,VENTA CLAVOS DE CALAMINA F- 1098,,10,504.5,,12.13,,121.3,6119.67
08/09/2017,VENTA CLAVOS DE CALAMINA F- 1100,,1,503.5,,12.13,,12.13,6107.54
13/09/2017,VENTA CLAVOS DE CALAMINA F- 1104,,1,502.5,,12.13,,12.13,6095.41
13/09/2017,VENTA CLAVOS DE CALAMINA F- 1105,,1,501.5,,12.13,,12.13,6083.28
13/09/2017,VENTA CLAVOS DE CALAMINA F- 1106,,1,500.5,,12.13,,12.13,6071.15
15/09/2017,VENTA CLAVOS DE CALAMINA F- 1112,,1,499.5,,12.13,,12.13,6059.02
15/09/2017,ANULADA F- 1113,,0,499.5,,12.13,,0,6059.02
15/09/2017,VENTA CLAVOS DE CALAMINA F- 1114,,3,496.5,,12.13,,36.39,6022.63
15/09/2017,VENTA CLAVOS DE CALAMINA F- 1115,,4,492.5,,12.13,,48.52,5974.11
15/09/2017,VENTA CLAVOS DE CALAMINA F- 1116,,3,489.5,,12.13,,36.39,5937.72
15/09/2017,VENTA CLAVOS DE CALAMINA F- 1118,,2,487.5,,12.13,,24.26,5913.46
23/09/2017,VENTA CLAVOS DE CALAMINA F- 1129,,0.5,487,,12.13,,6.07,5907.39
27/09/2017,VENTA CLAVOS DE CALAMINA F- 1132,,7,480,,12.13,,84.91,5822.48
27/09/2017,VENTA CLAVOS DE CALAMINA F- 1133,,1,479,,12.13,,12.13,5810.35
28/09/2017,VENTA CLAVOS DE CALAMINA F- 1137,,15,464,,12.13,,181.95,5628.4
30/09/2017,VENTA CLAVOS DE CALAMINA F- 1138,,1,463,,12.13,,12.13,5616.27
07/10/2017,VENTA CLAVOS DE CALAMINA F- 1141,,5,458,,12.13,,60.65,5555.62
09/10/2017,VENTA CLAVOS DE CALAMINA F- 1144,,2,456,,12.13,,24.26,5531.36
10/10/2017,VENTA CLAVOS DE CALAMINA F- 1145,,4,452,,12.13,,48.52,5482.84
11/10/2017,VENTA CLAVOS DE CALAMINA F- 1150,,4,448,,12.13,,48.52,5434.32
12/10/2017,VENTA CLAVOS DE CALAMINA F- 1153,,6,442,,12.13,,72.78,5361.54
14/10/2017,VENTA CLAVOS DE CALAMINA F- 1158,,3,439,,12.13,,36.39,5325.14
16/10/2017,VENTA CLAVOS DE CALAMINA F- 1163,,4,435,,12.13,,48.52,5276.62
16/10/2017,VENTA CLAVOS DE CALAMINA F- 1164,,1,434,,12.13,,12.13,5264.49
17/10/2017,VENTA CLAVOS DE CALAMINA F- 1166,,2,432,,12.13,,24.26,5240.23
18/10/2017,VENTA CLAVOS DE CALAMINA F- 1168,,2,430,,12.13,,24.26,5215.97
19/10/2017,VENTA CLAVOS DE CALAMINA F- 1171,,5,425,,12.13,,60.65,5155.32
20/10/2017,VENTA CLAVOS DE CALAMINA F- 1176,,7,418,,12.13,,84.91,5070.41
06/11/2017,VENTA CLAVOS DE CALAMINA F- 1192,,9,409,,12.13,,109.17,4961.24
09/11/2017,VENTA CLAVOS DE CALAMINA F- 1196,,6,403,,12.13,,72.78,4888.46
16/11/2017,VENTA CLAVOS DE CALAMINA F- 1203,,3,400,,12.13,,36.39,4852.07
17/11/2017,VENTA CLAVOS DE CALAMINA F- 1206,,6,394,,12.13,,72.78,4779.29
22/11/2017,VENTA CLAVOS DE CALAMINA F- 1210,,1,393,,12.13,,12.13,4767.16
22/11/2017,VENTA CLAVOS DE CALAMINA F- 1211,,2,391,,12.13,,24.26,4742.9
24/11/2017,VENTA CLAVOS DE CALAMINA F- 1213,,1,390,,12.13,,12.13,4730.77
27/11/2017,VENTA CLAVOS DE CALAMINA F- 1214,,6,384,,12.13,,72.78,4657.99
29/11/2017,VENTA CLAVOS DE CALAMINA F- 1218,,1,383,,12.13,,12.13,4645.86
29/11/2017,VENTA CLAVOS DE CALAMINA F- 1221,,5,378,,12.13,,60.65,4585.2
05/12/2017,VENTA CLAVOS DE CALAMINA F- 1225,,1,377,,12.13,,12.13,4573.07
11/12/2017,VENTA CLAVOS DE CALAMINA F- 1232,,5,372,,12.13,,60.65,4512.42
12/12/2017,VENTA CLAVOS DE CALAMINA F- 1236,,3,369,,12.13,,36.39,4476.03
26/12/2017,VENTA CLAVOS DE CALAMINA F- 1250,,1,368,,12.13,,12.13,4463.9
29/12/2017,VENTA CLAVOS DE CALAMINA F- 1254,,1,367,,12.13,,12.13,4451.77
06/01/2018,VENTA CLAVOS DE CALAMINA F- 1261,,5,362,,12.02,,60.09,4350.62
10/01/2018,VENTA CLAVOS DE CALAMINA F- 1265,,2,360,,12.02,,24.04,4326.58
11/01/2018,VENTA CLAVOS DE CALAMINA F- 1268,,3,357,,12.02,,36.05,4290.53
12/01/2018,VENTA CLAVOS DE CALAMINA F- 1269,,2,355,,12.02,,24.04,4266.49
12/01/2018,ANULADA F- 1270,,0,355,,12.02,,0,4266.49
12/01/2018,VENTA CLAVOS DE CALAMINA F- 1271,,5,350,,12.02,,60.09,4206.4
17/01/2018,VENTA CLAVOS DE CALAMINA F- 1277,,2,348,,12.02,,24.04,4182.36
25/01/2018,VENTA CLAVOS DE CALAMINA F- 1291,,13,335,,12.02,,156.24,4026.12
01/02/2018,VENTA CLAVOS DE CALAMINA F- 1295,,2,333,,12.02,,24.04,4002.09
03/02/2018,VENTA CLAVOS DE CALAMINA F- 1302,,5,328,,12.02,,60.09,3942
06/02/2018,VENTA CLAVOS DE CALAMINA F- 1306,,1,327,,12.02,,12.02,3929.98
09/02/2018,VENTA CLAVOS DE CALAMINA F- 1312,,1,326,,12.02,,12.02,3917.96
10/02/2018,VENTA CLAVOS DE CALAMINA F- 1314,,1,325,,12.02,,12.02,3905.94
10/02/2018,VENTA CLAVOS DE CALAMINA F- 1319,,1,324,,12.02,,12.02,3893.92
17/02/2018,VENTA CLAVOS DE CALAMINA F- 1324,,6,318,,12.02,,72.11,3821.81
20/02/2018,VENTA CLAVOS DE CALAMINA F- 1333,,1,317,,12.02,,12.02,3809.8
23/02/2018,VENTA CLAVOS DE CALAMINA F- 1335,,0.5,316.5,,12.02,,6.01,3803.79
24/02/2018,VENTA CLAVOS DE CALAMINA F- 1336,,3,313.5,,12.02,,36.05,3767.73
27/02/2018,VENTA CLAVOS DE CALAMINA F- 1343,,3,310.5,,12.02,,36.05,3731.68
01/03/2018,VENTA CLAVOS DE CALAMINA F- 1347,,3,307.5,,12.02,,36.05,3695.62
01/03/2018,VENTA CLAVOS DE CALAMINA F- 1349,,1,306.5,,12.02,,12.02,3683.6
01/03/2018,VENTA CLAVOS DE CALAMINA F- 1351,,3,303.5,,12.02,,36.05,3647.55
02/03/2018,VENTA CLAVOS DE CALAMINA F- 1353,,1,302.5,,12.02,,12.02,3635.53
03/03/2018,VENTA CLAVOS DE CALAMINA F- 1354,,2,300.5,,12.02,,24.04,3611.49
05/03/2018,VENTA CLAVOS DE CALAMINA F- 1358,,2,298.5,,12.02,,24.04,3587.46
08/03/2018,VENTA CLAVOS DE CALAMINA F- 1366,,6,292.5,,12.02,,72.11,3515.35
08/03/2018,VENTA CLAVOS DE CALAMINA F- 1367,,1,291.5,,12.02,,12.02,3503.33
08/03/2018,VENTA CLAVOS DE CALAMINA F- 1368,,1,290.5,,12.02,,12.02,3491.31
09/03/2018,VENTA CLAVOS DE CALAMINA F- 1369,,3,287.5,,12.02,,36.05,3455.26
14/03/2018,VENTA CLAVOS DE CALAMINA F- 1374,,2,285.5,,12.02,,24.04,3431.22
14/03/2018,VENTA CLAVOS DE CALAMINA F- 1375,,10,275.5,,12.02,,120.18,3311.04
19/03/2018,VENTA CLAVOS DE CALAMINA F- 1384,,1,274.5,,12.02,,12.02,3299.02
21/03/2018,ANULADA F-1386,,0,274.5,,12.02,,0,3299.02
22/03/2018,VENTA CLAVOS DE CALAMINA F- 1387,,0.5,274,,12.02,,6.01,3293.01
23/03/2018,VENTA CLAVOS DE CALAMINA F- 1389,,4,270,,12.02,,48.07,3244.94
07/04/2018,VENTA CLAVOS DE CALAMINA F- 1392,,3,267,,12.02,,36.05,3208.88
13/04/2018,VENTA CLAVOS DE CALAMINA F- 1396,,2,265,,12.02,,24.04,3184.85
13/04/2018,VENTA CLAVOS DE CALAMINA F- 1397,,2,263,,12.02,,24.04,3160.81
13/04/2018,VENTA CLAVOS DE CALAMINA F- 1398,,3,260,,12.02,,36.05,3124.75
17/04/2018,VENTA CLAVOS DE CALAMINA F- 1399,,2,258,,12.02,,24.04,3100.72
17/04/2018,VENTA CLAVOS DE CALAMINA F- 1400,,2,256,,12.02,,24.04,3076.68
17/04/2018,VENTA CLAVOS DE CALAMINA F- 1401,,1,255,,12.02,,12.02,3064.66
17/04/2018,VENTA CLAVOS DE CALAMINA F- 1402,,3,252,,12.02,,36.05,3028.61
18/04/2018,VENTA CLAVOS DE CALAMINA F- 1404,,2,250,,12.02,,24.04,3004.57
18/04/2018,VENTA CLAVOS DE CALAMINA F- 1405,,1,249,,12.02,,12.02,2992.55
24/04/2018,VENTA CLAVOS DE CALAMINA F-1407,,2,247,,12.02,,24.04,2968.52
24/04/2018,VENTA CLAVOS DE CALAMINA F- 1409,,2,245,,12.02,,24.04,2944.48
28/04/2018,VENTA CLAVOS DE CALAMINA F- 1414,,2,243,,12.02,,24.04,2920.44
30/04/2018,VENTA CLAVOS DE CALAMINA F- 1416,,5,238,,12.02,,60.09,2860.35
12/05/2018,VENTA CLAVOS DE CALAMINA F- 1426,,3,235,,12.02,,36.05,2824.3
16/05/2018,VENTA CLAVOS DE CALAMINA F- 1429,,4,231,,12.02,,48.07,2776.22
29/05/2018,ANULADA F- 1439,,0,231,,12.02,,0,2776.22
29/05/2018,VENTA CLAVOS DE CALAMINA F- 1440,,2,229,,12.02,,24.04,2752.19
30/05/2018,VENTA CLAVOS DE CALAMINA F-1442 ,,0.5,228.5,,12.02,,6.01,2746.18
01/06/2018,VENTA CLAVOS DE CALAMINA F- 1444,,1,227.5,,12.02,,12.02,2734.16
05/06/2018,VENTA CLAVOS DE CALAMINA F- 1446,,5,222.5,,12.02,,60.09,2674.07
06/06/2018,VENTA CLAVOS DE CALAMINA F- 1447,,1,221.5,,12.02,,12.02,2662.05
06/06/2018,VENTA CLAVOS DE CALAMINA F- 1450,,3,218.5,,12.02,,36.05,2625.99
13/06/2018,ANULADA F- 1455,,0,218.5,,12.02,,0,2625.99
13/06/2018,VENTA CLAVOS DE CALAMINA F- 1456,,0.5,218,,12.02,,6.01,2619.99
23/06/2018,VENTA CLAVOS DE CALAMINA F- 1467,,1,217,,12.02,,12.02,2607.97
23/06/2018,VENTA CLAVOS DE CALAMINA F- 1468,,2,215,,12.02,,24.04,2583.93
04/07/2018,VENTA CLAVOS DE CALAMINA F- 1478,,5,210,,12.02,,60.09,2523.84
05/07/2018,VENTA CLAVOS DE CALAMINA F- 1480,,3,207,,12.02,,36.05,2487.78
07/07/2018,VENTA CLAVOS DE CALAMINA F- 1481,,0.5,206.5,,12.02,,6.01,2481.78
09/07/2018,VENTA CLAVOS DE CALAMINA F- 1483,,2,204.5,,12.02,,24.04,2457.74
10/07/2018,VENTA CLAVOS DE CALAMINA F- 1484,,2,202.5,,12.02,,24.04,2433.7
12/07/2018,VENTA CLAVOS DE CALAMINA F- 1489,,1,201.5,,12.02,,12.02,2421.68
18/07/2018,VENTA CLAVOS DE CALAMINA F- 1492,,2,199.5,,12.02,,24.04,2397.65
18/07/2018,VENTA CLAVOS DE CALAMINA F- 1493,,2,197.5,,12.02,,24.04,2373.61
19/07/2018,VENTA CLAVOS DE CALAMINA F- 1494,,0.5,197,,12.02,,6.01,2367.6
19/07/2018,VENTA CLAVOS DE CALAMINA F- 1496,,2,195,,12.02,,24.04,2343.57
21/07/2018,VENTA CLAVOS DE CALAMINA F- 1501,,1,194,,12.02,,12.02,2331.55
21/07/2018,VENTA CLAVOS DE CALAMINA F- 1502,,2,192,,12.02,,24.04,2307.51
25/07/2018,VENTA CLAVOS DE CALAMINA F- 1506,,2,190,,12.02,,24.04,2283.47
25/07/2018,VENTA CLAVOS DE CALAMINA F- 1507,,1,189,,12.02,,12.02,2271.46
09/08/2018,VENTA CLAVOS DE CALAMINA F- 1513,,5,184,,12.02,,60.09,2211.36
11/08/2018,VENTA CLAVOS DE CALAMINA F- 1515,,3,181,,12.02,,36.05,2175.31
11/08/2018,VENTA CLAVOS DE CALAMINA F- 1516,,1,180,,12.02,,12.02,2163.29
11/08/2018,VENTA CLAVOS DE CALAMINA F- 1517,,1,179,,12.02,,12.02,2151.27
18/08/2018,VENTA CLAVOS DE CALAMINA F- 1522,,1,178,,12.02,,12.02,2139.25
22/08/2018,VENTA CLAVOS DE CALAMINA F- 1525,,3,175,,12.02,,36.05,2103.2
23/08/2018,VENTA CLAVOS DE CALAMINA F- 1527,,1,174,,12.02,,12.02,2091.18
30/08/2018,VENTA CLAVOS DE CALAMINA F- 1537,,2,172,,12.02,,24.04,2067.14
31/08/2018,VENTA CLAVOS DE CALAMINA F- 1540,,3,169,,12.02,,36.05,2031.09
31/08/2018,VENTA CLAVOS DE CALAMINA F- 1541,,2,167,,12.02,,24.04,2007.05
04/09/2018,VENTA CLAVOS DE CALAMINA F- 1550,,3,164,,12.02,,36.05,1971
10/09/2018,VENTA CLAVOS DE CALAMINA F- 1555,,1,163,,12.02,,12.02,1958.98
18/09/2018,VENTA CLAVOS DE CALAMINA F- 1557,,3,160,,12.02,,36.05,1922.93
22/09/2018,VENTA CLAVOS DE CALAMINA F- 1606,,4,156,,12.02,,48.07,1874.85
04/10/2018,VENTA CLAVOS DE CALAMINA F- 1620,,3,153,,12.02,,36.05,1838.8
08/10/2018,VENTA CLAVOS DE CALAMINA F- 1629,,2,151,,12.02,,24.04,1814.76
11/10/2018,VENTA CLAVOS DE CALAMINA F- 1638,,1,150,,12.02,,12.02,1802.74
12/10/2018,VENTA CLAVOS DE CALAMINA F- 1639,,1,149,,12.02,,12.02,1790.72
13/10/2018,VENTA CLAVOS DE CALAMINA F- 1642,,2,147,,12.02,,24.04,1766.69
15/10/2018,VENTA CLAVOS DE CALAMINA F- 1645,,1,146,,12.02,,12.02,1754.67
15/10/2018,VENTA CLAVOS DE CALAMINA F- 1646,,1,145,,12.02,,12.02,1742.65
15/10/2018,VENTA CLAVOS DE CALAMINA F- 1649,,2,143,,12.02,,24.04,1718.61
18/10/2018,VENTA CLAVOS DE CALAMINA F- 1651,,3,140,,12.02,,36.05,1682.56
19/10/2018,VENTA CLAVOS DE CALAMINA F- 1653,,2,138,,12.02,,24.04,1658.52
22/10/2018,VENTA CLAVOS DE CALAMINA F- 1657,,1,137,,12.02,,12.02,1646.5
27/10/2018,VENTA CLAVOS DE CALAMINA F- 1663,,3,134,,12.02,,36.05,1610.45
30/10/2018,VENTA CLAVOS DE CALAMINA F- 1670,,3,131,,12.02,,36.05,1574.4
05/11/2018,VENTA CLAVOS DE CALAMINA F-1676 ,,3,128,,12.02,,36.05,1538.34
05/11/2018,VENTA CLAVOS DE CALAMINA F- 1678,,3,125,,12.02,,36.05,1502.29
06/11/2018,VENTA CLAVOS DE CALAMINA F- 1679,,1,124,,12.02,,12.02,1490.27
08/11/2018,VENTA CLAVOS DE CALAMINA F- 1685,,7,117,,12.02,,84.13,1406.14
08/11/2018,VENTA CLAVOS DE CALAMINA F- 1688,,3,114,,12.02,,36.05,1370.08
08/11/2018,VENTA CLAVOS DE CALAMINA F- 1689,,4,110,,12.02,,48.07,1322.01
09/11/2018,VENTA CLAVOS DE CALAMINA F- 1690,,1,109,,12.02,,12.02,1309.99
16/11/2018,VENTA CLAVOS DE CALAMINA F- 1699,,2,107,,12.02,,24.04,1285.96
17/11/2018,VENTA CLAVOS DE CALAMINA F- 1702,,4,103,,12.02,,48.07,1237.88
19/11/2018,VENTA CLAVOS DE CALAMINA F- 1703,,3,100,,12.02,,36.05,1201.83
23/11/2018,VENTA CLAVOS DE CALAMINA F- 1709,,2,98,,12.02,,24.04,1177.79
24/11/2018,VENTA CLAVOS DE CALAMINA F- 1712,,1,97,,12.02,,12.02,1165.77
27/11/2018,VENTA CLAVOS DE CALAMINA F- 1714,,2,95,,12.02,,24.04,1141.74
01/12/2018,VENTA CLAVOS DE CALAMINA F- 1720,,3,92,,12.02,,36.05,1105.68
04/12/2018,VENTA CLAVOS DE CALAMINA F- 1722,,2,90,,12.02,,24.04,1081.65
04/12/2018,VENTA CLAVOS DE CALAMINA F- 1726,,4,86,,12.02,,48.07,1033.57
07/12/2018,VENTA CLAVOS DE CALAMINA F- 1731,,2,84,,12.02,,24.04,1009.54
07/12/2018,VENTA CLAVOS DE CALAMINA F- 1733,,1,83,,12.02,,12.02,997.52
11/12/2018,ANULADA F- 1737,,0,83,,12.02,,0,997.52
11/12/2018,VENTA CLAVOS DE CALAMINA F- 1738,,2,81,,12.02,,24.04,973.48
13/12/2018,VENTA CLAVOS DE CALAMINA F- 1745,,1,80,,12.02,,12.02,961.46
19/12/2018,VENTA CLAVOS DE CALAMINA F- 1755,,2,78,,12.02,,24.04,937.43
02/01/2019,Venta Clavos calamina en Kg. F-1772,,2,76,,12.02,,24.04,913.39
04/01/2019,Venta Clavos calamina en Kg. F-1777,,2,74,,12.02,,24.04,889.35
05/01/2019,Venta Clavos calamina en Kg. F-1778,,1,73,,12.02,,12.02,877.33
09/01/2019,Venta Clavos calamina en Kg. F-1799,,3,70,,12.02,,36.05,841.28
17/01/2019,Venta Clavos calamina en Kg. F-1816,,1,69,,12.02,,12.02,829.26
17/01/2019,Venta Clavos calamina en Kg. F-1817,,2,67,,12.02,,24.04,805.22
17/01/2019,Venta Clavos calamina en Kg. F-1818,,1,66,,12.02,,12.02,793.21
17/01/2019,Venta Clavos calamina en Kg. F-1819,,1,65,,12.02,,12.02,781.19
18/01/2019,Venta Clavos calamina en Kg. F-1821,,5,60,,12.02,,60.09,721.1
18/01/2019,Venta Clavos calamina en Kg. F-1822,,3,57,,12.02,,36.05,685.04
18/01/2019,Venta Clavos calamina en Kg. F-1826,,4,53,,12.02,,48.07,636.97
21/01/2019,Venta Clavos calamina en Kg. F-1841,,1.5,51.5,,12.02,,18.03,618.94
23/01/2019,Venta Clavos calamina en Kg. F-1848,,5,46.5,,12.02,,60.09,558.85
25/01/2019,Venta Clavos calamina en Kg. F-1851,,1,45.5,,12.02,,12.02,546.83
28/01/2019,Venta Clavos calamina en Kg. F-1857,,3,42.5,,12.02,,36.05,510.78
06/02/2019,Venta Clavos calamina en Kg. F-1876,,1,41.5,,12.02,,12.02,498.76
12/02/2019,Venta Clavos calamina en Kg. F-1890,,4,37.5,,12.02,,48.07,450.69
16/02/2019,Venta Clavos calamina en Kg. F-1900,,4,33.5,,12.02,,48.07,402.61
18/02/2019,Venta Clavos calamina en Kg. F-1903,,2,31.5,,12.02,,24.04,378.58
25/02/2018,Venta Clavos calamina en Kg. F-1915,,1,30.5,,12.02,,12.02,366.56
27/02/2019,ANULADA F-1923,,0,30.5,,12.02,,0,366.56
02/03/2019,Venta Clavos calamina en Kg. F-1930,,2,28.5,,12.02,,24.04,342.52
08/03/2019,Venta Clavos calamina en Kg. F-1941,,1,27.5,,12.02,,12.02,330.5
11/03/2019,Venta Clavos calamina en Kg. F-1943,,1,26.5,,12.02,,12.02,318.48
21/03/2019,Venta Clavos calamina en Kg. F-1953,,6,20.5,,12.02,,72.11,246.37
21/03/2019,Venta Clavos calamina en Kg. F-1956,,3,17.5,,12.02,,36.05,210.32
25/03/2019,Venta Clavos calamina en Kg. F-1959,,3,14.5,,12.02,,36.05,174.27
29/03/2019,Venta Clavos calamina en Kg. F-1963,,1,13.5,,12.02,,12.02,162.25
29/03/2019,Venta Clavos calamina en Kg. F-1965,,4,9.5,,12.02,,48.07,114.17
01/04/2019,Venta Clavos calamina en Kg. F-1969,,2,7.5,,12.02,,24.04,90.14
04/04/2019,Venta Clavos calamina en Kg. F-1976,,3,4.5,,12.02,,36.05,54.08
04/04/2019,Venta Clavos calamina en Kg. F-1977,,1,3.5,,12.02,,12.02,42.06
04/04/2019,Venta Clavos calamina en Kg. F-1979,,1,2.5,,12.02,,12.02,30.05
04/04/2019,Compra Clavos Calaminas en Kg. F-722,23,,25.5,13.24,,304.5,,334.55
04/04/2019,Venta Clavos calamina en Kg. F-1980,,3,22.5,,13.12,,39.36,295.19
05/04/2019,Venta Clavos calamina en Kg. F-1981,,1,21.5,,13.12,,13.12,282.07
08/04/2019,Venta Clavos calamina en Kg. F-1988,,4,17.5,,13.12,,52.48,229.59
13/04/2019,Venta Clavos calamina en Kg. F-1998,,2,15.5,,13.12,,26.24,203.35
15/04/2019,Venta Clavos calamina en Kg. F-1999,,4,11.5,,13.12,,52.48,150.87
15/04/2019,Compra Clavos Calaminas en Kg. F-549,138,,149.5,11.85,,1634.9,,1785.78
24/04/2019,Venta Clavos calamina en Kg. F-2010,,4,145.5,,11.95,,47.78,1738
25/04/2019,Venta Clavos calamina en Kg. F-2011,,2,143.5,,11.95,,23.89,1714.11
25/04/2019,Venta Clavos calamina en Kg. F-2012,,6,137.5,,11.95,,71.67,1642.44
03/05/2019,Venta Clavos calamina en Kg. F-2026,,2,135.5,,11.95,,23.89,1618.55
03/05/2019,Venta Clavos calamina en Kg. F-2027,,0.5,135,,11.95,,5.97,1612.58
06/05/2019,Venta Clavos calamina en Kg. F-2028,,3,132,,11.95,,35.84,1576.74
07/05/2019,Venta Clavos calamina en Kg. F-2029,,3,129,,11.95,,35.84,1540.91
08/05/2019,Venta Clavos calamina en Kg. F-2031,,2,127,,11.95,,23.89,1517.02
16/05/2019,Venta Clavos calamina en Kg. F-2038,,1,126,,11.95,,11.95,1505.07
17/05/2019,Venta Clavos calamina en Kg. F-2039,,2,124,,11.95,,23.89,1481.18
18/05/2019,Venta Clavos calamina en Kg. F-2040,,2,122,,11.95,,23.89,1457.29
22/05/2019,ANULADA F-2041,,0,122,,11.95,,0,1457.29
22/05/2019,Venta Clavos calamina en Kg. F-2042,,1,121,,11.95,,11.95,1445.35
31/05/2019,Venta Clavos calamina en Kg. F-2045,,3,118,,11.95,,35.84,1409.51
31/05/2019,Venta Clavos calamina en Kg. F-2046,,2,116,,11.95,,23.89,1385.62
01/06/2019,Venta Clavos calamina en Kg. F-2049,,2,114,,11.95,,23.89,1361.73
04/06/2019,Venta Clavos calamina en Kg. F-2051,,3,111,,11.95,,35.84,1325.9
05/06/2019,Venta Clavos calamina en Kg. F-2055,,5,106,,11.95,,59.73,1266.17
05/06/2019,Venta Clavos calamina en Kg. F-2056,,2,104,,11.95,,23.89,1242.28
15/06/2019,Venta Clavos calamina en Kg. F-2075,,3,101,,11.95,,35.84,1206.45
15/06/2019,Venta Clavos calamina en Kg. F-2076,,1,100,,11.95,,11.95,1194.5
19/06/2019,ANULADA Kg. F-2078,,0,100,,11.95,,0,1194.5
19/06/2019,Venta Clavos calamina en Kg. F-2079,,3,97,,11.95,,35.84,1158.67
26/06/2019,Venta Clavos calamina en Kg. F-2080,,1,96,,11.95,,11.95,1146.72
29/06/2019,Venta Clavos calamina en Kg. F-2082,,2,94,,11.95,,23.89,1122.83
29/06/2019,Venta Clavos calamina en Kg. F-2083,,2,92,,11.95,,23.89,1098.94
01/07/2019,Venta Clavos calamina en Kg. F-2084,,2,90,,11.95,,23.89,1075.05
02/07/2019,Venta Clavos calamina en Kg. F-2086,,6,84,,11.95,,71.67,1003.38
02/07/2019,Venta Clavos calamina en Kg. F-2087,,1,83,,11.95,,11.95,991.44
02/07/2019,Venta Clavos calamina en Kg. F-2088,,1,82,,11.95,,11.95,979.49
03/07/2019,Venta Clavos calamina en Kg. F-2089,,3,79,,11.95,,35.84,943.66
04/07/2019,ANULADA F-2090,,0,79,,11.95,,0,943.66
04/07/2019,Venta Clavos calamina en Kg. F-2091,,1,78,,11.95,,11.95,931.71
09/07/2019,Venta Clavos calamina en Kg. F-2092,,1,77,,11.95,,11.95,919.77
11/07/2019,Venta Clavos calamina en Kg. F-2096,,4,73,,11.95,,47.78,871.99
20/07/2019,Venta Clavos calamina en Kg. F-2105,,1,72,,11.95,,11.95,860.04
20/07/2019,Venta Clavos calamina en Kg. F-2107,,3,69,,11.95,,35.84,824.21
24/07/2019,Venta Clavos calamina en Kg. F-2111,,1,68,,11.95,,11.95,812.26
02/08/2019,ANULADA F-2121,,0,68,,11.95,,0,812.26
02/08/2019,Venta Clavos calamina en Kg. F-2122,,2,66,,11.95,,23.89,788.37
02/08/2019,Venta Clavos calamina en Kg. F-2123,,2,64,,11.95,,23.89,764.48
03/08/2019,Venta Clavos calamina en Kg. F-2125,,12,52,,11.95,,143.34,621.14
19/08/2019,Venta Clavos calamina en Kg. F-2153,,2,50,,11.95,,23.89,597.25
19/08/2019,Venta Clavos calamina en Kg. F-2154,,2,48,,11.95,,23.89,573.36
27/08/2019,Venta Clavos calamina en Kg. F-2169,,2,46,,11.95,,23.89,549.47
27/08/2019,Venta Clavos calamina en Kg. F-2170,,1,45,,11.95,,11.95,537.53
28/08/2019,Venta Clavos calamina en Kg. F-2173,,1,44,,11.95,,11.95,525.58
30/08/2019,Venta Clavos calamina en Kg. F-2176,,3,41,,11.95,,35.84,489.75
30/08/2019,Venta Clavos calamina en Kg. F-2177,,6,35,,11.95,,71.67,418.08
30/08/2019,Venta Clavos calamina en Kg. F-2180,,1,34,,11.95,,11.95,406.13
02/09/2019,Venta Clavos calamina en Kg. F-2181,,1,33,,11.95,,11.95,394.19
02/09/2019,Venta Clavos calamina en Kg. F-2184,,1,32,,11.95,,11.95,382.24
05/09/2019,Venta Clavos calamina en Kg. F-2187,,2,30,,11.95,,23.89,358.35
06/09/2019,Compra Clavos calamina en Kg. F-44,184,,214,11.85,,2179.87,,2538.22
10/09/2019,Venta Clavos calamina en Kg. F-2193,,3,211,,11.86,,35.58,2502.64
10/09/2019,Venta Clavos calamina en Kg. F-2194,,1,210,,11.86,,11.86,2490.78
14/09/2019,Venta Clavos calamina en Kg. F-2196,,2,208,,11.86,,23.72,2467.06
17/09/2019,Venta Clavos calamina en Kg. F-2199,,4,204,,11.86,,47.44,2419.61
24/09/2019,Venta Clavos calamina en Kg. F-2211,,3,201,,11.86,,35.58,2384.03
25/09/2019,Venta Clavos calamina en Kg. F-2214,,1,200,,11.86,,11.86,2372.17
26/09/2019,Venta Clavos calamina en Kg. F-2219,,1,199,,11.86,,11.86,2360.31
03/10/2019,Venta Clavos calamina en Kg. F-2235,,2,197,,11.86,,23.72,2336.59
03/10/2019,Venta Clavos calamina en Kg. F-2236,,1,196,,11.86,,11.86,2324.73
03/10/2019,Venta Clavos calamina en Kg. F-2237,,3,193,,11.86,,35.58,2289.14
03/10/2019,Venta Clavos calamina en Kg. F-2239,,2,191,,11.86,,23.72,2265.42
04/10/2019,Venta Clavos calamina en Kg. F-2243,,4,187,,11.86,,47.44,2217.98
08/10/2019,Venta Clavos calamina en Kg. F-2250,,3,184,,11.86,,35.58,2182.4
09/10/2019,Venta Clavos calamina en Kg. F-2251,,6,178,,11.86,,71.17,2111.23
09/10/2019,Venta Clavos calamina en Kg. F-2252,,8,170,,11.86,,94.89,2016.34
09/10/2019,Venta Clavos calamina en Kg. F-2253,,4,166,,11.86,,47.44,1968.9
09/10/2019,Venta Clavos calamina en Kg. F-2254,,1,165,,11.86,,11.86,1957.04
09/10/2019,Venta Clavos calamina en Kg. F-2255,,1,164,,11.86,,11.86,1945.18
11/10/2019,Venta Clavos calamina en Kg. F-2259,,6,158,,11.86,,71.17,1874.01
15/10/2019,Venta Clavos calamina en Kg. F-2266,,2,156,,11.86,,23.72,1850.29
19/10/2019,Venta Clavos calamina en Kg. F-2273,,2,154,,11.86,,23.72,1826.57
19/10/2019,Venta Clavos calamina en Kg. F-2274,,1,153,,11.86,,11.86,1814.71
21/10/2019,Venta Clavos calamina en Kg. F-2275,,5,148,,11.86,,59.3,1755.41
23/10/2019,Venta Clavos calamina en Kg. F-2278,,4,144,,11.86,,47.44,1707.96
23/10/2019,Venta Clavos calamina en Kg. F-2279,,4,140,,11.86,,47.44,1660.52
24/10/2019,Venta Clavos calamina en Kg. F-2281,,0.5,139.5,,11.86,,5.93,1654.59
25/10/2019,Venta Clavos calamina en Kg. F-2283,,4,135.5,,11.86,,47.44,1607.15
29/10/2019,Venta Clavos calamina en Kg. F-2287,,4,131.5,,11.86,,47.44,1559.7
01/11/2019,Venta Clavos calamina en Kg. F-2290,,3,128.5,,11.86,,35.58,1524.12
09/11/2019,Venta Clavos calamina en Kg. F-2296,,3,125.5,,11.86,,35.58,1488.54
25/11/2019,Venta Clavos calamina en Kg. F-2301,,4,121.5,,11.86,,47.44,1441.09
25/11/2019, ANULADA F-2302,,0,121.5,,11.86,,0,1441.09
25/11/2019, ANULADA F-2304,,0,121.5,,11.86,,0,1441.09
25/11/2019,Venta Clavos calamina en Kg. F-2308,,10,111.5,,11.86,,118.61,1322.48
25/11/2019,Venta Clavos calamina en Kg. F-2310,,1,110.5,,11.86,,11.86,1310.62
28/11/2019,Venta Clavos calamina en Kg. F-2312,,1,109.5,,11.86,,11.86,1298.76
29/11/2019,Venta Clavos calamina en Kg. F-2315,,1,108.5,,11.86,,11.86,1286.9
30/11/2019,Venta Clavos calamina en Kg. F-2316,,1,107.5,,11.86,,11.86,1275.04
02/12/2019,Venta Clavos calamina en Kg. F-2317,,1,106.5,,11.86,,11.86,1263.18
05/12/2019,Venta Clavos calamina en Kg. F-2327,,2,104.5,,11.86,,23.72,1239.46
05/12/2019,Venta Clavos calamina en Kg. F-2328,,1,103.5,,11.86,,11.86,1227.6
10/12/2019,Venta Clavos calamina en Kg. F-2338,,1,102.5,,11.86,,11.86,1215.74
10/12/2019,Venta Clavos calamina en Kg. F-2339,,2,100.5,,11.86,,23.72,1192.02
18/12/2019,Venta Clavos calamina en Kg. F-2346,,0.6,99.9,,11.86,,7.12,1184.9
23/12/2019,Venta Clavos calamina en Kg. F-2354,,7,92.9,,11.86,,83.03,1101.87
26/12/2019,ANULADA Kg. F-2359,,0,92.9,,11.86,,0,1101.87
26/12/2019,Venta Clavos calamina en Kg. F-2360,,2,90.9,,11.86,,23.72,1078.15
03/01/2020,Venta Clavos calamina en Kg. F-2388,,2,88.9,,11.85,,23.69,1053.21
10/01/2020,Venta Clavos calamina en Kg. F-2404,,1,87.9,,11.85,,11.85,1041.36
14/01/2020,Venta Clavos calamina en Kg. F-2416,,2,85.9,,11.85,,23.69,1017.66
17/01/2020,Venta Clavos calamina en Kg. F-2420,,5,80.9,,11.85,,59.24,958.43
18/01/2020,Venta Clavos calamina en Kg. F-2424,,3,77.9,,11.85,,35.54,922.89
21/01/2020,Venta Clavos calamina en Kg. F-2428,,2,75.9,,11.85,,23.69,899.19
21/01/2020,Venta Clavos calamina en Kg. F-2430,,9,66.9,,11.85,,106.62,792.57
24/01/2020,Venta Clavos calamina en Kg. F-2434,,2,64.9,,11.85,,23.69,768.88
24/01/2020,Venta Clavos calamina en Kg. F-2435,,3,61.9,,11.85,,35.54,733.33
25/01/2020,Venta Clavos calamina en Kg. F-2438,,1,60.9,,11.85,,11.85,721.49
29/01/2020,Compra Clavos calamina en Kg. F-2024,184,,244.9,11.85,,2179.87,,2901.36
31/01/2020,Venta Clavos calamina en Kg. F-2441,,1,243.9,,11.85,,11.85,2889.51
08/02/2020,ANULADA Kg. F-2454,,0,243.9,,11.85,,0,2889.51
08/02/2020,Venta Clavos calamina en Kg. F-2455,,3,240.9,,11.85,,35.54,2853.97
15/02/2020,Venta Clavos calamina en Kg. F-2460,,4,236.9,,11.85,,47.39,2806.58
17/02/2020,ANULADA F-2461,,0,236.9,,11.85,,0,2806.58
17/02/2020,Venta Clavos calamina en Kg. F-2462,,3,233.9,,11.85,,35.54,2771.04
21/02/2020,Venta Clavos calamina en Kg. F-2466,,1,232.9,,11.85,,11.85,2759.19
29/02/2020,Venta Clavos calamina en Kg. F-2472,,1,231.9,,11.85,,11.85,2747.35
04/03/2020,Venta Clavos calamina en Kg. F-2479,,3,228.9,,11.85,,35.54,2711.81
04/03/2020,Venta Clavos calamina en Kg. F-2480,,1,227.9,,11.85,,11.85,2699.96
04/03/2020,Venta Clavos calamina en Kg. F-2481,,5,222.9,,11.85,,59.24,2640.72
07/03/2020,Venta Clavos calamina en Kg. F-2483,,7,215.9,,11.85,,82.93,2557.79
07/03/2020,Venta Clavos calamina en Kg. F-2485,,1,214.9,,11.85,,11.85,2545.95
09/03/2020,Venta Clavos calamina en Kg. F-2487,,1,213.9,,11.85,,11.85,2534.1
11/03/2020,Venta Clavos calamina en Kg. F-2489,,2,211.9,,11.85,,23.69,2510.4
13/03/2020,Venta Clavos calamina en Kg. F-2491,,2,209.9,,11.85,,23.69,2486.71
18/06/2020,Venta Clavos calamina en Kg. F-2710,,3,206.9,,11.85,,35.54,2451.17
26/06/2020,Venta Clavos calamina en Kg. F-2720,,1,205.9,,11.85,,11.85,2439.32
26/06/2020,Venta Clavos calamina en Kg. F-2723,,4,201.9,,11.85,,47.39,2391.93
15/07/2020,Venta Clavos calamina en Kg. F-2728,,1,200.9,,11.85,,11.85,2380.09
16/07/2020,Venta Clavos calamina en Kg. F-2729,,6,194.9,,11.85,,71.08,2309
22/07/2020,Venta Clavos calamina en Kg. F-2732,,4,190.9,,11.85,,47.39,2261.62
29/07/2020,Venta Clavos calamina en Kg. F-2735,,2,188.9,,11.85,,23.69,2237.92
12/08/2020,Venta Clavos calamina en Kg. F-2743,,2,186.9,,11.85,,23.69,2214.23
13/08/2020,Venta Clavos calamina en Kg. F-2745,,10,176.9,,11.85,,118.47,2095.76
17/08/2020,Venta Clavos calamina en Kg. F-2746,,1,175.9,,11.85,,11.85,2083.91
20/08/2020,Compra Clavos calamina en Kg. F-55,184,,359.9,11.85,,2179.87,,4263.78
28/08/2020,Venta Clavos calamina en Kg. F-2753,,3,356.9,,11.85,,35.54,4228.24
31/08/2020,Venta Clavos calamina en Kg. F-2755,,2,354.9,,11.85,,23.69,4204.54
03/09/2020,Venta Clavos calamina en Kg. F-2761,,4,350.9,,11.85,,47.39,4157.16
07/09/2020,Venta Clavos calamina en Kg. F-2766,,2,348.9,,11.85,,23.69,4133.46
09/09/2020,Venta Clavos calamina en Kg. F-2771,,1,347.9,,11.85,,11.85,4121.61
11/09/2020,Venta Clavos calamina en Kg. F-2775,,2,345.9,,11.85,,23.69,4097.92
17/09/2020,Venta Clavos calamina en Kg. F-2780,,2,343.9,,11.85,,23.69,4074.23
24/09/2020,Venta Clavos calamina en Kg. F-2784,,4,339.9,,11.85,,47.39,4026.84
01/10/2020,Venta Clavos calamina en Kg. F-2787,,1,338.9,,11.85,,11.85,4014.99
07/10/2020,Venta Clavos calamina en Kg. F-2796,,1,337.9,,11.85,,11.85,4003.14
07/10/2020,Venta Clavos calamina en Kg. F-2798,,2,335.9,,11.85,,23.69,3979.45
10/10/2020,Venta Clavos calamina en Kg. F-2802,,12,323.9,,11.85,,142.17,3837.28
13/10/2020,Venta Clavos calamina en Kg. F-2807,,4,319.9,,11.85,,47.39,3789.9
20/10/2020,Venta Clavos calamina en Kg. F-2820,,1,318.9,,11.85,,11.85,3778.05
20/10/2020,Venta Clavos calamina en Kg. F-2821,,3,315.9,,11.85,,35.54,3742.51
27/10/2020,Venta Clavos calamina en Kg. F-2831,,4,311.9,,11.85,,47.39,3695.12
04/11/2020,Venta Clavos calamina en Kg. F-2839,,6,305.9,,11.85,,71.08,3624.04
05/11/2020,Venta Clavos calamina en Kg. F-2841,,4,301.9,,11.85,,47.39,3576.65
05/11/2020,Venta Clavos calamina en Kg. F-2844,,2,299.9,,11.85,,23.69,3552.95
07/11/2020,Venta Clavos calamina en Kg. F-2848,,5,294.9,,11.85,,59.24,3493.72
09/11/2020,ANULADAS Kg. F-2853,,0,294.9,,0,,0,3493.72
09/11/2020,Venta Clavos calamina en Kg. F-2854,,0.5,294.4,,11.85,,5.92,3487.79
11/11/2020,Venta Clavos calamina en Kg. F-2856,,1,293.4,,11.85,,11.85,3475.95
13/11/2020,Venta Clavos calamina en Kg. F-2860,,6,287.4,,11.85,,71.08,3404.86
21/11/2020,Venta Clavos calamina en Kg. F-2867,,1,286.4,,11.85,,11.85,3393.02
24/11/2020,Venta Clavos calamina en Kg. F-2871,,6,280.4,,11.85,,71.08,3321.93
27/11/2020,Venta Clavos calamina en Kg. F-2884,,0.5,279.9,,11.85,,5.92,3316.01
27/11/2020,Venta Clavos calamina en Kg. F-2885,,2,277.9,,11.85,,23.69,3292.32
28/11/2020,Venta Clavos calamina en Kg. F-2893,,2,275.9,,11.85,,23.69,3268.62
28/11/2020,Venta Clavos calamina en Kg. F-2894,,2,273.9,,11.85,,23.69,3244.93
28/11/2020,Venta Clavos calamina en Kg. F-2896,,8,265.9,,11.85,,94.89,3150.04
18/12/2020,Venta Clavos calamina en Kg. F-205,,6,259.9,,11.85,,71.08,3078.96
19/12/2020,Venta Clavos calamina en Kg. F-208,,2,257.9,,11.85,,23.69,3055.27
24/12/2020,Venta Clavos calamina en Kg. F-214,,3,254.9,,11.85,,35.54,3019.73
